1915 3231
306 325 390 366 318
801 336 1016 367 DARE'HS
1052 338 1257 369 rnnYGu

306 444 428 472 rare:
460 431 653 472 maxime
685 445 781 472 cum
814 445 966 474 omnes
1000 433 1218 486 ingenium
1250 438 1295 474 et
1324 434 1524 476 virtutem
1548 439 1745 489 spectas-

305 503 403 540 sent
441 498 485 539 in
525 498 714 540 ducibus
753 500 858 541 suis.
918 499 1034 540 Dum
1067 498 1228 541 Achivi
1259 501 1314 542 de
1345 502 1528 555 imperio
1559 503 1667 544 inter
1697 515 1746 544 sc

304 566 504 607 vicissim
535 570 715 615 certant,
745 567 946 620 praelium
977 571 1078 621 post
1112 567 1331 609 biennium
1354 566 1370 590 *¹
1399 570 1630 622 repetitum
1662 574 1742 610 est.

304 633 618 686 Agamemnon,
636 634 847 684 Achilles,
862 634 1118 683 Diomedes,
1139 635 1368 676 Menelaus
1381 637 1620 677 exercitum
1637 636 1743 677 edu-

304 704 421 742 cunt.
481 699 647 742 Contra
695 701 884 751 Hector,
927 702 1119 750 Troilus,
1160 702 1325 743 AEneas
1366 707 1610 744 occurrunt.
1671 703 1744 744 Fit

303 779 463 819 magna
484 766 654 808 caedes:
675 780 732 808 ex
753 772 938 821 utraque
959 771 1081 821 parte
1097 767 1322 808 fortissimi
1345 769 1518 809 cadunt.
1570 769 1743 810 Hector

303 831 517 883 Boetemj
551 832 899 884 Archilochum,k
937 840 983 874 et
1014 833 1349 876 Prothenorum¹
1384 836 1520 876 duces
1547 837 1740 878 occidit:

301 913 387 940 nox
410 900 607 953 praelium
630 901 807 943 dirimit.
866 900 1169 954 Agamemnon
1199 907 1336 943 noctu
1364 916 1513 944 omnes
1534 904 1575 944 in
1596 903 1741 944 consi-

301 967 406 1008 lium
429 972 583 1009 vocat:
615 969 790 1019 suadet,
811 969 1013 1016 hortatur,
1035 973 1080 1009 ut
1101 982 1253 1009 omnes
1281 971 1326 1009 in
1354 971 1493 1010 aciem
1517 970 1741 1023 prodeant,

301 1039 344 1075 et
380 1036 572 1076 maxime
607 1035 846 1076 Hectorem
889 1044 1220 1089 persequantur,
1262 1038 1336 1089 qui
1378 1037 1431 1077 de
1462 1037 1531 1078 his
1566 1037 1741 1090 aliquos

300 1102 433 1141 duces
455 1101 632 1143 occidit.
691 1101 799 1155 [QL]
832 1103 964 1143 Mane
996 1106 1140 1143 autem
1174 1103 1308 1152 facto,
1343 1103 1525 1152 Hector,
1557 1103 1739 1154 AEneas,

298 1166 551 1208 Alexander
590 1170 829 1210 exercitum
860 1169 1067 1210 educunt.
1128 1169 1292 1210 Omnes
1322 1169 1481 1210 Achivi
1513 1170 1740 1223 prodeunt.

299 1235 372 1275 Fit
390 1248 548 1287 magna
567 1236 729 1277 caedes.
789 1236 934 1277 Multa
954 1236 1142 1277 invicem
1163 1237 1303 1277 millia
1323 1236 1438 1277 Orco
1452 1236 1742 1278 dimittuntur.

298 1303 532 1343 Menelaus
563 1301 864 1345 Alexandrum
896 1305 1098 1357 persequi
1132 1306 1290 1357 coepit:
1330 1316 1464 1357 quem
1498 1305 1738 1359 respiciens

295 1370 562 1420 Alexander,
594 1371 755 1423 sagitta
781 1370 974 1411 Menelai
999 1370 1136 1411 femur
1171 1371 1399 1424 transfigit.
1458 1371 1554 1420 Ille,
1586 1371 1738 1413 dolore

295 1441 556 1486 commotus,
575 1438 737 1490 pariter
757 1451 855 1479 cum
873 1436 1015 1491 Ajace
1037 1437 1178 1478 Locro
1200 1451 1285 1478 non
1308 1443 1458 1480 cessat
1477 1452 1573 1479 eum
1594 1451 1737 1492 perse-

445 1503 572 1554 Quos
592 1508 637 1545 ut
657 1504 767 1545 vidit
797 1505 967 1546 Hector
996 1506 1209 1546 instantes
1240 1505 1410 1547 fratrem
1443 1519 1571 1546 suum
1591 1518 1736 1559 persc-

294 1573 384 1624 qui,
416 1572 645 1624 suppetias
676 1572 716 1611 ei
739 1573 856 1613 venit
885 1585 984 1613 cum
1007 1573 1164 1614 AEnea.
1224 1572 1365 1622 Quem
1388 1574 1553 1614 AEneas
1575 1573 1734 1625 clypeo

293 1639 505 1689 protexit,
532 1641 575 1677 et
603 1651 753 1679 secum
780 1638 834 1679 de
861 1640 1019 1691 praelio
1042 1639 1096 1680 ad
1118 1640 1344 1680 civitatem
1367 1641 1566 1681 adduxit.
1626 1639 1736 1680 Nox

292 1704 490 1757 praelium
518 1704 695 1745 dirimit.
754 1705 957 1747 Achilles
991 1720 1089 1747 cum
1123 1707 1344 1748 Diomede
1365 1711 1544 1761 postera
1563 1707 1635 1748 die
1655 1718 1736 1746 ex-

293 1771 477 1811 ercitum
517 1772 680 1814 educit.
740 1772 904 1814 Contra
939 1774 1110 1814 Hector
1149 1778 1195 1814 et
1223 1774 1405 1814 AEneas.
1466 1774 1539 1814 Fit
1574 1785 1733 1825 magna

293 1838 455 1879 caedes.
514 1840 684 1880 Hector
700 1839 1032 1890 Orcomeneum,
1052 1840 1377 1890 Palamenem,m
1395 1839 1729 1893 Epistrophum,

292 1903 564 1955 Schodium,¹¹
587 1905 885 1959 Elpenorem,⁰
913 1907 1129 1956 Dorium,p
1155 1906 1468 1960 Polyxenum,‘¹
1488 1906 1624 1947 duces
1644 1905 1730 1946 for-

295 1505 386 1557 qui.

939 2036 967 2067 N
974 2036 1074 2067 OTAE

288 2107 341 2138 hic
368 2108 492 2149 aliquid
520 2109 774 2148 subintelligas:
813 2110 859 2141 ait
881 2109 980 2148 enim,

287 2166 353 2188 non
372 2167 501 2198 aequnm
523 2168 597 2189 esse
613 2159 898 2199 Agamemnonem
913 2168 980 2189 om-

287 2206 384 2236 nibus
409 2207 466 2247 qui
489 2212 607 2247 postea
622 2209 858 2239 convenissent
876 2210 979 2247 impe-

286 2265 373 2291 rare,
390 2266 464 2287 cum
481 2257 511 2287 ei
536 2267 554 2288 a
579 2258 696 2298 paucis
720 2257 895 2297 imperium
920 2257 978 2288 da-

286 2310 357 2335 tum
375 2305 429 2341 sit,
444 2307 509 2337 &c.
553 2307 621 2338 Sed
639 2306 720 2338 illud
736 2308 844 2338 Dares
861 2312 979 2338 contra

284 2354 430 2386 historiae
454 2354 554 2386 fidem
577 2356 727 2392 adducit,
749 2366 871 2397 nempe
888 2356 978 2396 Aga-

284 2413 492 2435 memnonem
509 2415 527 2435 a
544 2406 659 2446 paucis
675 2406 794 2437 ducem
809 2407 953 2437 electum
967 2417 975 2444 ;

284 2463 359 2484 cum
391 2455 445 2485 alii
473 2459 629 2487 auctores
657 2456 805 2494 tradant,
828 2465 903 2486 eum
934 2456 977 2487 ab

282 2504 370 2534 omni
395 2506 544 2536 exercitu
568 2512 720 2537 creatum
744 2506 877 2538 ducem.
922 2507 977 2538 De

281 2563 347 2594 qna
364 2564 399 2585 re
413 2555 501 2594 apud
516 2555 657 2596 Dictyn.

323 2601 338 2623 ἢ
361 2604 512 2635 Praelium
537 2608 606 2645 post
631 2605 802 2646 biennium]
837 2606 974 2637 Graeco-

282 2662 353 2683 rum
372 2654 566 2693 patientiam
580 2654 738 2694 demiror,
749 2656 805 2696 qui
821 2655 973 2687 induvias

281 2701 406 2732 biennii
424 2703 578 2743 Trojanis
595 2705 832 2736 concederent.

323 2751 330 2770 fl
354 2752 473 2783 Hector
488 2753 631 2794 Bo'e'tem]
667 2755 734 2786 Hic
753 2755 876 2786 Boiites
894 2756 971 2786 mihi

279 2800 413 2839 ignotus
432 2806 493 2833 est.
537 2804 677 2835 Homer.
697 2806 828 2845 quidem
851 2807 884 2837 in
903 2806 969 2836 Od-

282 2850 467 2883 Eteoncnm
486 2854 662 2893 quenulam
680 2855 840 2896 nominat,
852 2857 969 2887 Mene-

1034 2109 1075 2139 lai
1092 2108 1268 2147 famulum,
1284 2118 1380 2150 quem
1398 2109 1535 2140 Boetlris
1552 2109 1623 2140 sive
1638 2109 1727 2140 Βοὲ-

1035 2157 1081 2187 thi
1099 2157 1201 2188 filium
1219 2158 1311 2189 dicit.
1349 2158 1414 2189 Sed
1432 2159 1484 2189 hic
1501 2158 1627 2190 Baetes
1641 2159 1726 2189 alius

1033 2207 1157 2238 forsan.
1589 2201 1598 2213 ’

1075 2255 1089 2277 ¹<
1112 2257 1343 2298 Archilochum]
1379 2259 1459 2299 Ejus
1483 2264 1625 2307 morgem
1648 2268 1726 2290 nns-

1033 2315 1131 2346 quam
1149 2312 1263 2337 narrat
1280 2307 1420 2338 Homer.

1073 2356 1081 2376 ¹
1104 2357 1345 2398 Prothenorum]
1380 2357 1447 2389 Sed
1463 2367 1538 2389 enm
1557 2359 1727 2390 Homerus

1032 2419 1051 2440 a
1068 2409 1313 2448 Polydamante
1330 2411 1478 2441 occisum
1496 2411 1613 2450 refert,
1630 2413 1670 2445 n.
1687 2416 1722 2445 Ξ.

1073 2463 1096 2479 ¹¹²
1115 2459 1345 2495 Orcomeneum,
1357 2460 1564 2502 Pacamenem]
1577 2462 1643 2494 Qui
1654 2472 1721 2494 am-

1031 2508 1073 2539 bo
1090 2518 1183 2550 'aeqne
1200 2509 1277 2539 mihi
1294 2509 1398 2549 ignoti
1414 2514 1503 2541 sunt.
1534 2511 1601 2541 Vix
1617 2513 1720 2543 etiam

1030 2563 1124 2599 puto,
1146 2558 1430 2590 ‘Orcomeneunl'
1456 2559 1518 2590 viri
1545 2561 1718 2602 proprium

1030 2617 1174 2647 unquam
1190 2607 1304 2639 fnisse.

1070 2662 1084 2678 ¹¹
1102 2658 1330 2698 Epistrophum,
1345 2657 1525 2699 schedium]
1543 2659 1608 2691 Qui
1622 2659 1720 2691 ambo

1027 2707 1250 2738 Phocensium
1280 2707 1384 2739 duces
1412 2707 1562 2740 fuerunt.
1614 2710 1720 2741 Sche-

1026 2756 1115 2787 dinm
1145 2757 1294 2797 quidem.
1310 2757 1351 2788 ab
1382 2758 1533 2789 Hectore
1562 2760 1722 2799 occisum,

1025 2811 1141 2837 narrat
1158 2806 1257 2838 Hom.
1274 2807 1315 2837 Il.
1333 2811 1362 2838 P.
1403 2808 1467 2838 Sed
1485 2808 1562 2839 nihil
1579 2809 1620 2840 de
1638 2809 1718 2850 Epi-

1026 2857 1172 2898 stropho.
