1915 3231
272 328 359 370 286
743 333 953 365 Dic'rros
987 331 1259 363 caurensis

274 439 381 482 tum,
403 435 632 483 utrumque
654 427 943 483 disjunxisse,
1004 425 1150 476 Quam
1170 438 1262 466 rem
1279 424 1428 466 cuncti
1449 424 1523 478 qui
1540 422 1722 465 aderant

273 513 361 541 uno
390 511 464 540 ore
495 496 716 538 exitialem
750 495 1044 549 pronuntiant,
1077 493 1333 545 adduntque
1366 494 1541 533 caveret
1572 491 1629 531 ab
1658 491 1722 530 in-

273 567 398 608 sidiis
418 566 510 606 filii.
571 564 645 606 Ita
667 567 905 616 suspectus
927 561 1066 615 patris
1087 561 1235 601 animo
1263 558 1571 606 Telemachus,
1603 556 1721 609 agris

274 634 351 687 qui
373 634 416 674 in
431 631 703 686 Cephalenia
716 633 839 670 erant
857 628 1089 680 relegatur,
1108 626 1270 667 additis
1290 626 1330 665 ei
1351 637 1481 678 quam
1496 623 1721 664 fidissimis

274 699 555 741 custodibus:
577 701 795 752 praeterea
815 694 1020 748 UlysseS,
1037 692 1254 734 secedens
1275 692 1321 732 in
1343 691 1430 732 alia
1450 690 1552 732 loca
1572 689 1723 731 abdita

275 771 565 819 semotaque⁷
587 769 799 818 quantum
818 766 1008 815 poterat,
1033 759 1304 800 somniorum
1319 759 1407 799 vim
1425 757 1592 798 evitare
1614 757 1722 796 nite-

274 834 415 874 batur.
474 832 577 886 [15]
607 831 693 871 Per
713 828 825 869 idem
849 831 1023 880 tempus
1042 825 1310 877 Telegonus,
1332 837 1461 878 quem
1483 823 1611 864 Circe
1630 822 1722 863 edi-

274 904 366 942 tum
397 911 455 939 ex
476 898 640 952 Ulysse
661 895 782 949 apud
812 894 988 934 AEaeam
1019 892 1207 932 insulam
1240 891 1515 941 educaverat,
1547 891 1622 931 ubi
1643 890 1721 930 ad-

275 965 425 1014 olevit,
468 963 525 1005 ad
554 961 884 1016 inquisitionem
913 958 1052 1012 patris
1081 957 1322 1012 profectus,
1352 958 1550 999 Ithacam
1583 957 1721 1006 venit,

273 1044 427 1084 gerens
447 1030 649 1070 manibus
666 1026 888 1082 quoddam
905 1025 1076 1074 hastile,
1098 1025 1170 1065 cui
1187 1025 1413 1065 summitas
1432 1024 1610 1065 marinae
1631 1026 1721 1064 tur-

275 1098 384 1138 turis
406 1109 507 1137 osse
522 1095 538 1118 ¹³
561 1096 826 1142 armabatur,
856 1093 1026 1144 insigne
1046 1091 1217 1132 scilicet
1245 1091 1404 1132 insulae
1427 1087 1547 1144 ejus¹
1568 1091 1613 1131 in
1633 1102 1722 1143 qua

275 1164 443 1216 genitus
463 1167 582 1204 erat:
614 1163 717 1204 dein
737 1160 921 1201 edoctus
941 1158 1018 1199 ubi
1041 1157 1230 1211 Ulysses
1256 1161 1414 1209 ageret,
1445 1156 1500 1197 ad
1530 1169 1629 1196 eum
1649 1168 1722 1196 ve·

274 1230 351 1273 nit.
403 1230 475 1272 Ibi
495 1243 573 1284 per
602 1228 810 1271 custodes
832 1226 967 1279 agrim
999 1224 1177 1279 patrio8
1209 1225 1328 1266 aditu
1353 1223 1612 1277 prohibitus,
1643 1222 1720 1263 ubi

881 1343 1075 1356 etoemaeoe
1081 1343 1118 1355 Ν

318 1427 336 1455 7
363 1424 490 1465 Delph.
507 1425 758 1464 remotaque.—-8
782 1421 906 1463 Delph.
921 1421 1034 1462 primo.

929 1527 1070 1561 NOTAE

274 1608 386 1637 antem
408 1604 534 1636 feriens
556 1605 665 1636 latera
688 1605 822 1636 lethalis
846 1605 974 1646 cuspis,

274 1655 405 1686 Aculeo
431 1654 627 1685 insanabilis
658 1655 757 1695 piscis
786 1655 975 1694 Sardonici‚

274 1705 380 1736 Filius
412 1714 492 1735 vero
522 1705 626 1745 patris
654 1705 722 1736 eris
751 1704 976 1737 interfector?

273 1755 331 1786 Ita
348 1754 405 1786 alii
421 1764 577 1795 quoque;
608 1754 669 1785 sed
693 1755 834 1786 Homeri
858 1755 971 1786 Inter-

275 1814 353 1846 pres
367 1808 473 1844 notat,
485 1804 713 1835 recentiorum
726 1804 760 1835 id
773 1804 970 1844 figmentum

274 1854 392 1893 fuisse,
415 1863 491 1885 cum
515 1863 559 1885 ex
588 1853 737 1884 Homero
762 1858 893 1885 certum
915 1853 972 1892 sit,

275 1905 436 1945 Ulyssem
452 1907 628 1935 senectute
643 1902 790 1934 debilem
809 1902 898 1933 diem
917 1912 973 1933 su-

275 1964 331 1984 um
356 1953 502 1984 obiisse:
526 1961 630 1993 quare
655 1951 769 1983 facete
789 1951 975 1991 Lucianus,

276 2003 311 2034 in
338 1999 596 2043 Τραγοποδάγρᾳ,
619 2001 812 2041 Podagram
836 2001 973 2041 loquen-

277 2056 344 2083 tem
362 2052 514 2084 inducit:
547 2050 667 2089 Ἰθάκης
688 2050 807 2082 ἄνακτα
827 2049 972 2092 Λαερτιά-

277 2104 333 2140 δην
366 2100 521 2135 Ὀδυσσέα
552 2101 633 2141 Ἐγὼ
668 2101 872 2142 κατέπεφνον,
916 2102 972 2133 οὐκ

276 2152 394 2184 ἄκανθα
403 2151 560 2193 τρυγόνος.
579 2153 588 2170 ‘
603 2152 732 2183 Ithacae
746 2161 858 2192 regem
871 2151 973 2183 Laer-

278 2203 403 2234 tiadem
435 2202 593 2243 Ulyssem
613 2202 686 2242 Ego
713 2201 880 2238 interfeci,
905 2210 973 2233 non

277 2253 375 2294 spina
391 2251 556 2284 turturis)

321 2301 330 2322 i
350 2301 525 2333 Secundum
549 2300 710 2341 imperium
733 2300 816 2342 ejus]
848 2300 975 2332 Secun-

276 2351 354 2382 dum
370 2351 548 2391 imperium
564 2351 637 2390 ejus
652 2350 834 2382 simulacri.

319 2400 334 2421 Β
359 2400 421 2431 Cui
435 2400 596 2431 summitas
610 2401 738 2431 marinae
749 2399 884 2431 turturis
892 2399 973 2440 osse]

277 2448 473 2480 Eustathius
494 2449 659 2489 Telegoni
678 2449 829 2490 jaculum
853 2458 873 2480 a
890 2449 973 2479 Vul-

277 2508 362 2530 cano
386 2497 513 2529 factum
535 2498 668 2539 scribit,
692 2499 834 2540 ejusque
861 2499 971 2538 cuspi-

276 2549 351 2579 dem
377 2558 451 2579 0sse
477 2548 615 2580 marinae
639 2549 782 2580 turturis
797 2553 971 2589 armatam,

278 2599 573 2639 summitatemque
598 2599 737 2630 alteram
764 2608 807 2630 ex
830 2608 912 2630 auro
936 2603 973 2631 et

278 2648 470 2680 adamante.
515 2648 631 2689 Atque
657 2650 759 2680 etiam
787 2649 972 2680 secuudum

277 2696 358 2727 alios
376 2701 481 2727 totum
502 2697 656 2738 jaculum
677 2707 720 2730 ex
742 2708 816 2730 osse
833 2700 973 2730 turturis

278 2745 394 2777 fuisse.
419 2747 526 2778 Porro
542 2752 706 2779 turturem
721 2747 880 2779 lethalem
899 2757 974 2779 esse

279 2795 377 2826 multi
406 2795 555 2827 tradunt.
601 2797 786 2837 Nicander,
823 2797 972 2838 Hesych.

279 2843 478 2886 Antigonus,
493 2851 528 2878 et
545 2846 720 2887 Appianus
745 2856 785 2879 11.
804 2847 858 2879 De
875 2857 974 2879 vena·

1028 1605 1120 1636 tione
1140 1604 1271 1644 scribit,
1287 1613 1323 1634 os
1346 1601 1436 1634 istud
1460 1609 1534 1633 esse
1556 1599 1590 1631 in
1613 1599 1722 1631 cauda

1028 1655 1178 1686 turturis.

1067 1703 1075 1725 ¹
1099 1705 1228 1744 Insigne
1257 1703 1376 1734 scilicet
1401 1701 1510 1732 insulae
1540 1699 1622 1741 ejus]
1660 1699 1719 1730 In-

1026 1754 1146 1794 signia,
1182 1763 1254 1795 quae
1288 1752 1388 1792 vulgo
1418 1760 1576 1782 vocamus
1603 1758 1717 1787 armes,

1025 1804 1080 1835 vel
1103 1802 1337 1845 antiquissima
1357 1810 1432 1832 esse
1456 1800 1534 1831 hinc
1559 1799 1721 1840 colligere

1019 1854 1115 1893 licet,
1145 1858 1182 1885 nt
1215 1862 1258 1883 ex
1292 1852 1457 1890 Homero,
1483 1849 1655 1890 AEschy10‚
1685 1852 1723 1880 et

1023 1904 1109 1935 aliis.

1064 1958 1087 1973 ¹¹³
1114 1951 1175 1983 Ubi
1192 1960 1248 1991 per
1266 1950 1405 1981 custodes
1428 1949 1517 1990 agri]
1552 1947 1722 1989 Hyginus,

1020 2001 1089 2033 fab.
1106 2003 1179 2033 127.
1188 2003 1197 2017 ‘
1206 2001 1408 2039 Telegonus,
1418 1998 1547 2040 Ulyssis
1560 2002 1596 2029 et
1605 1998 1722 2029 Circes

1022 2051 1125 2089 filius,
1149 2050 1269 2081 missus
1294 2059 1314 2080 a
1337 2054 1444 2081 matre
1469 2053 1507 2080 ut
1531 2048 1721 2089 genitorem

1023 2105 1205 2142 quaereret,
1223 2102 1428 2140 tempestate
1444 2100 1478 2130 in
1500 2099 1655 2130 Ithacam
1669 2102 1723 2130 est

1025 2150 1170 2189 delatus,
1198 2149 1313 2189 ibique
1342 2147 1433 2179 fame
1459 2153 1598 2180 coactus
1622 2156 1722 2188 agros

1026 2198 1227 2240 depopulari
1239 2198 1354 2239 coepit.
1400 2198 1484 2230 Cum
1502 2208 1569 2239 quo
1581 2197 1723 2238 Ulysses

1027 2254 1064 2281 et
1082 2248 1303 2280 Telemachus
1326 2247 1434 2286 ignari
1457 2257 1549 2278 arma
1565 2247 1721 2278 contule-

1028 2303 1108 2329 runt
1122 2309 1131 2329 ι
1149 2298 1286 2337 Ulysses
1303 2307 1322 2328 a
1337 2298 1506 2337 Telegono
1521 2297 1589 2328 filio
1605 2301 1657 2327 est
1673 2297 1722 2327 in-

1027 2347 1216 2380 terfectus.'
1243 2348 1327 2381 Quae
1341 2351 1379 2378 ut
1390 2347 1484 2378 vides
1496 2347 1596 2387 paulo
1609 2345 1720 2377 diver-

1028 2407 1066 2429 sa
1081 2401 1170 2428 sunt.
1215 2396 1394 2437 Oppianus
1419 2397 1552 2436 scribit,
1575 2395 1722 2436 Telego-

1025 2456 1118 2487 num,
1146 2456 1221 2477 cum
1248 2447 1355 2486 patris
1380 2451 1532 2477 armenta
1557 2445 1722 2485 abigeret,

1026 2497 1193 2538 Ulyssem,
1209 2496 1273 2526 sibi
1288 2500 1522 2527 occurrentem
1545 2499 1580 2526 et
1596 2503 1721 2535 pecora

1025 2551 1248 2586 repetentem,
1273 2547 1459 2578 occidisse:
1482 2545 1585 2586 Αὐτὰρ
1605 2546 1622 2576 ὁ
1637 2543 1721 2583 νήσῳ

1024 2595 1179 2636 Αἶγιβότῳ
1196 2596 1400 2637 προσέκελσε,
1421 2596 1471 2628 καὶ
1493 2597 1529 2628 οὐ
1545 2599 1621 2628 λαθε
1635 2594 1720 2626 πώεα

1025 2648 1144 2686 πορθῶν
1160 2646 1280 2687 Πατρὸς
1301 2647 1362 2678 ἑοῦ.
1408 2648 1528 2688 Γεραρῷ
1543 2646 1577 2679 δὲ
1590 2647 1720 2686 βοηδρο-

1025 2695 1129 2736 μέοντι
1154 2697 1254 2734 τοκῆῗ,
1274 2697 1363 2736 Αὐτῷ
1383 2697 1439 2728 τὸν
1458 2696 1607 2737 „idm-sue,
1622 2695 1722 2734 κακὴν

1025 2745 1265 2787 προσεπέμψατο
1282 2748 1369 2787 κῆρα.
1398 2749 1407 2765 ‘
1419 2748 1547 2778 Verum
1558 2748 1615 2778 ille
1631 2747 1721 2777 insu-

1026 2798 1093 2828 lam
1117 2797 1245 2837 Capras
1272 2802 1467 2837 pascentem
1491 2797 1638 2838 appulit,
1663 2805 1720 2827 ne-

1027 2857 1094 2890 que
1110 2846 1224 2888 latuit,
1242 2856 1361 2888 greges
1379 2851 1513 2878 vastans
1529 2846 1641 2878 Patris
1657 2845 1720 2876 sui.
