1915 3231
279 299 337 338 46
634 305 736 337 ΜΟ.
770 304 1022 336 PERlzoNu
1059 302 1386 334 Drssmzrmro

282 401 555 457 antiquitatis
575 414 670 442 suae
689 399 812 441 daret
832 398 1082 452 scriptioni:
1112 410 1258 438 earum
1280 399 1421 437 autem
1444 395 1659 436 rationem
1681 396 1728 437 in

278 471 471 523 linguam
508 467 804 522 antiquissimi
837 467 1066 520 temporis,
1101 470 1147 506 ut
1175 465 1305 518 plane
1336 464 1560 511 incertam,
1592 463 1730 504 voluit

278 537 432 579 referre
443 537 524 577 hac
546 535 848 584 excusatione,
869 547 971 587 quae
992 537 1139 574 tamen
1160 533 1263 586 ipsa
1282 531 1424 583 magis
1444 531 1600 572 iterum
1632 529 1729 571 ido-

278 617 363 645 nea
389 606 456 645 est
476 603 533 644 ad
563 601 796 651 docendos,
828 614 918 642 non
947 600 1128 654 Trojani
1161 599 1375 653 temporis
1406 598 1616 648 homines,
1650 598 1728 638 sed

277 671 409 724 longe
425 670 707 724 posteriores,
728 681 839 722 quos
861 668 1031 721 antiqui
1052 668 1187 709 moris
1199 671 1244 708 et
1262 666 1424 719 linguae
1444 665 1621 718 ignaros
1640 677 1728 706 non

276 738 375 779 vult
394 742 406 761 ⁴
419 736 591 779 mirari'
612 749 737 777 suam
757 735 1102 776 haesitationem.

336 815 527 845 xxvln.
560 804 765 857 Denique
794 806 842 844 ut
873 802 1116 848 absolvam,
1136 800 1209 842 cui
1239 813 1325 842 non
1353 801 1613 853 suspectum
1631 799 1727 848 erit,

278 873 355 924 qui
377 872 564 912 animum
589 869 786 911 attendet
814 869 996 910 anxium
1029 867 1137 908 illud
1166 872 1211 908 et
1233 867 1465 920 quaesitum
1491 866 1606 907 adeo
1635 870 1726 907 stu-

276 939 397 980 dium
429 938 643 979 reddendi
667 938 801 978 toties
821 936 1052 982 rationem,
1073 934 1192 975 unde
1222 934 1319 975 haec
1341 934 1488 974 omnia
1507 945 1727 986 cognove-

274 1007 363 1046 rit'?
424 1005 570 1046 Etiam
593 1005 725 1057 vulgo
745 1003 896 1053 fertur,
913 1015 1009 1052 eos,
1031 1002 1106 1055 qui
1129 1014 1176 1042 se
1197 1001 1394 1041 studiose
1421 1001 1549 1041 nimis
1568 1000 1726 1041 identi-

275 1073 373 1113 dem
396 1076 633 1121 excusant,
649 1071 774 1124 ipsos
794 1084 842 1111 se
863 1082 1090 1111 accusare.
1148 1068 1224 1109 Ita
1243 1080 1345 1110 vero
1362 1073 1598 1120 suspectus
1619 1081 1726 1122 quo-

274 1153 361 1193 que
380 1142 445 1180 est
465 1139 593 1180 malae
613 1137 733 1187 fidei,
754 1137 830 1191 qui
844 1136 1017 1178 solicite
1035 1135 1147 1176 adeo
1169 1147 1293 1176 suam
1308 1134 1440 1175 fidem
1464 1135 1593 1176 toties
1612 1147 1725 1189 prae-

273 1207 394 1248 dicat
423 1209 466 1247 et
495 1204 786 1254 commendat,
815 1207 864 1245 ut
885 1203 1053 1245 Noster
1073 1203 1182 1244 facit
1202 1203 1429 1243 minimum
1451 1205 1518 1242 ter
1538 1215 1597 1242 ex
1627 1215 1727 1255 pro-

271 1274 394 1315 fesso
420 1274 466 1314 in
496 1273 660 1325 exiguo
690 1271 773 1313 hoc
802 1270 971 1321 libello,
992 1271 1223 1312 inculcans
1253 1269 1491 1311 identidem
1513 1283 1560 1310 se
1594 1269 1725 1311 inter-

271 1341 410 1382 fuisse
429 1341 562 1382 rebus
592 1340 744 1392 gestis,
767 1338 889 1393 quod
908 1351 1038 1379 nemo
1069 1342 1190 1387 tunc,
1223 1337 1268 1378 in
1295 1337 1444 1390 patria
1477 1341 1594 1377 certe
1614 1336 1724 1391 ejus,

271 1409 468 1460 ignorare
488 1407 720 1460 potuisset.
779 1405 896 1445 Vide
920 1415 951 1443 1.
980 1405 1048 1446 13.
1072 1415 1118 1444 V.
1137 1404 1207 1445 17.
1230 1414 1295 1443 vr.
1316 1404 1384 1444 10.
1445 1403 1535 1444 Sed
1566 1407 1610 1445 et
1638 1404 1723 1446 hoe

272 1475 367 1516 sine
382 1474 518 1515 dubio
539 1486 763 1528 aspersum
780 1477 852 1514 est
866 1472 994 1513 unice
1016 1471 1072 1513 ad
1089 1471 1340 1512 faciendam
1360 1484 1476 1515 novo
1493 1475 1535 1513 et
1556 1483 1724 1525 suppo-

270 1541 358 1581 sito
380 1541 521 1594 operi,
541 1543 630 1581 tam
652 1539 824 1592 antiqui
845 1539 1052 1588 auctoris,
1074 1538 1201 1592 cujus
1221 1551 1379 1579 nomen
1409 1551 1502 1591 prae
1535 1551 1582 1579 se
1611 1539 1723 1579 fere-

270 1608 364 1658 bat,
385 1607 535 1656 fidem,
559 1606 770 1660 speciem,
791 1610 837 1647 et
858 1606 1179 1647 auctoritatem.

329 1684 483 1715 xxlx.
516 1671 633 1722 Quis
655 1686 756 1725 ergo
788 1685 919 1714 verus
949 1673 1080 1713 istius
1112 1672 1314 1714 historiae
1347 1676 1501 1714 auctor
1520 1671 1663 1723 fuerit,
1681 1673 1721 1714 si

271 1742 372 1795 quis
391 1754 461 1781 me
482 1744 618 1792 roget,
642 1752 723 1792 ego
742 1752 844 1780 vero
864 1740 942 1781 vix
964 1739 1133 1789 dubito,
1154 1740 1259 1792 quin
1279 1742 1292 1760 ‘
1309 1739 1471 1780 Praxis
1486 1738 1496 1754 '
1522 1739 1595 1780 ille
1616 1738 1721 1780 Cre-

270 1806 424 1856 tensis,
441 1806 512 1847 vel
533 1809 545 1827 ‘
562 1805 872 1859 Eupraxides,’
899 1807 974 1860 qui
995 1805 1184 1848 ‘Neroni
1200 1806 1210 1821 '
1233 1806 1364 1847 hosce
1382 1807 1521 1847 libros
1543 1806 1718 1857 obtulit,

271 1888 350 1916 eos
381 1875 517 1915 etiam
542 1873 861 1926 composuerit.
920 1872 1000 1913 Ille
1031 1873 1164 1922 enim,
1186 1886 1285 1913 cum
1316 1874 1450 1914 sciret
1481 1873 1718 1923 Neronem,

268 1941 518 1996 principem
548 1940 852 1989 vanissimum,
882 1939 1058 1981 Graecis
1080 1941 1249 1981 artibus
1276 1945 1321 1981 et
1352 1940 1514 1981 sabulis
1534 1939 1719 1981 mirifice

269 2007 477 2057 deditum,
514 2007 687 2048 videtur
720 2006 950 2048 historiam
982 2007 1094 2048 hanc
1116 2020 1170 2048 eo
1194 2007 1340 2048 animo
1361 2008 1520 2061 partim
1550 2007 1606 2048 de
1632 2019 1716 2048 suo

268 2074 466 2120 finxisse,
486 2073 607 2129 (nam
638 2074 778 2115 multa
804 2075 1006 2127 profecto
1039 2074 1173 2116 habet
1191 2088 1368 2129 prorsus
1400 2075 1650 2127 singularia,
1671 2076 1718 2116 in

267 2142 430 2194 quibus
451 2141 540 2195 ipsi
565 2154 646 2194 ego
668 2145 785 2182 certe
803 2142 918 2182 haud
939 2143 1124 2183 multum
1144 2142 1247 2183 fidei
1269 2140 1532 2196 tribuerim,)
1551 2143 1715 2195 partim

267 2221 324 2248 ex
358 2208 505 2262 poetis
536 2213 674 2262 atque
707 2209 808 2250 aliis
845 2210 1138 2264 scriptoribus
1168 2210 1360 2263 antiquis
1395 2210 1647 2262 collegisse,
1667 2213 1718 2251 ut

266 2274 438 2315 Neroni
454 2288 551 2316 eam
568 2275 749 2326 offerret,
765 2280 812 2317 et
826 2275 890 2317 ita
911 2289 939 2317 a
958 2276 1146 2330 prodigo
1167 2281 1211 2317 et
1231 2277 1396 2318 stolido
1416 2277 1594 2318 homine
1619 2277 1716 2319 lau-

266 2345 359 2383 tum
380 2347 721 2395 consequeretur
748 2343 995 2396 praemium.
1055 2342 1187 2394 Quod
1212 2348 1258 2385 et
1286 2345 1350 2385 ita
1385 2345 1550 2385 evenit.
1593 2345 1713 2386 Nam

265 2421 363 2449 cum
378 2408 499 2450 Nero
513 2411 555 2450 in
569 2408 791 2451 Achaiam
805 2411 1014 2461 venisset,
1029 2411 1403 2465 opportunissimo
1421 2416 1617 2465 tempore
1628 2412 1712 2454 hoc

266 2487 382 2528 opus
405 2476 462 2517 ad
484 2490 586 2518 eum
607 2477 779 2528 detulit,
796 2484 839 2520 et
859 2478 1058 2532 plurimis
1078 2479 1134 2519 ab
1155 2478 1231 2519 illo
1248 2478 1503 2519 muneribus
1515 2479 1713 2520 vicissim

265 2540 456 2583 donatus
487 2543 662 2584 dicitur.
721 2544 890 2586 Verum
916 2549 965 2587 ut
984 2545 1354 2586 existimationem
1383 2545 1505 2598 operi
1534 2550 1576 2586 et
1608 2558 1712 2587 auc-

263 2609 485 2650 toritatem
506 2610 697 2662 adderet,
716 2611 827 2654 fecit
857 2612 979 2666 quod
999 2612 1187 2653 artifices
1207 2615 1306 2652 tunc
1326 2611 1472 2653 facere
1495 2612 1711 2662 solebant,

264 2674 341 2726 qui
369 2678 417 2716 ut
447 2677 636 2729 pretium
667 2679 874 2732 operibus
901 2679 1032 2720 novis
1072 2683 1117 2719 et
1153 2678 1245 2719 suis
1274 2678 1418 2732 majus
1448 2679 1708 2728 invenirent,

263 2739 509 2781 Praxitelis
531 2746 609 2784 aut
631 2743 831 2799 Myronis
851 2757 1010 2786 nomen
1031 2744 1088 2785 iis
1108 2745 1422 2794 inscribebant,
1439 2749 1551 2786 teste
1581 2745 1711 2786 Phae-

265 2805 358 2852 dro,
404 2807 571 2850 Eadem
593 2823 693 2864 ergo
714 2814 881 2854 ratione
901 2816 944 2854 et
974 2813 1047 2854 ille
1078 2812 1266 2865 Dictyos
1301 2811 1529 2854 Cretensis
1550 2825 1709 2853 nornen
