1915 3231
589 149 651 179 DE
687 149 841 180 BELLo
873 148 1102 180 TROJANO
1136 150 1231 180 mn.
1264 151 1308 181 v.
1583 141 1670 184 263

228 242 304 295 qui
341 253 393 282 ac
431 240 795 293 comprehendere
833 241 978 294 potui,
1014 240 1151 282 literis
1180 242 1380 290 Punicis,
1407 245 1464 285 ab
1498 244 1668 287 Cadmo

228 308 474 360 Danaoque
496 306 688 349 traditis.
721 307 882 361 Neque
904 308 963 348 sit
981 307 1141 348 mirum
1158 308 1383 362 cuiquam,
1396 310 1449 360 si,
1465 313 1668 364 quamvis

227 373 373 415 Graeci
393 385 558 422 omnes,
580 373 756 414 diverso
776 377 921 414 tamen
941 373 1054 415 inter
1083 387 1132 415 se
1163 386 1367 416 sermone
1386 382 1538 428 agunt,
1568 390 1669 419 cum

226 453 280 481 ne
302 452 383 480 nos
403 439 597 493 quidem,
617 440 744 481 unius
764 439 1047 494 ejusdemque
1063 440 1236 491 insulae,
1252 441 1388 483 simili
1405 441 1569 494 lingua,
1591 443 1669 484 sed

223 506 346 548 varia
366 507 674 560 permixtaque
703 505 917 548 utamur.d
981 507 1125 560 Igitur
1144 521 1197 549 ea
1219 521 1322 562 quae
1354 509 1400 550 in
1428 509 1550 550 bello
1573 522 1670 549 eve-

222 585 322 614 nere
363 572 534 614 Graecis
575 587 629 615 ac
670 574 897 624 Barbaris,
939 578 1098 616 cuncta
1127 574 1293 625 scienS,
1338 588 1667 630 perpessusque

225 651 381 691 magna
403 651 459 680 ex
480 643 637 692 parte,e
656 640 876 681 memoriae
898 640 1093 682 tradidi.2
1151 641 1223 682 De
1243 640 1464 683 Antenore
1486 640 1669 696 ejusque

223 717 357 757 regno
398 718 497 758 quae
537 706 763 748 audieram
799 706 941 748 retuli.
1016 707 1151 749 Nune
1190 708 1374 750 reditum
1422 712 1667 751 nostrorum

223 784 402 813 narrare
414 773 557 827 juvat.

825 869 844 881 0
847 869 1060 883 ‘mum‘

261 955 282 984 2
306 953 434 996 Delph.
450 955 598 987 memoria
613 956 707 989 edidi.

872 1050 1013 1084 NOTAE

221 1122 411 1154 OEnideus?
439 1122 509 1155 Aut
525 1123 581 1155 ubi
599 1128 667 1155 tam
683 1124 742 1155 diu
757 1123 915 1155 delituit?
969 1133 1058 1156 mum
1079 1123 1223 1165 primum
1246 1131 1360 1155 earum
1379 1122 1591 1156 inventorem
1613 1124 1665 1157 fu·

252 1172 393 1204 ‘Literis
406 1173 549 1213 Punicis,
560 1174 598 1205 ab
608 1174 724 1206 Cadmo
731 1174 915 1215 Danaoque]
969 1176 1048 1207 isse.

215 1223 272 1254 De
289 1223 394 1254 literis
409 1222 549 1255 Punicis
565 1224 700 1256 abunde
720 1224 846 1256 dictum
863 1228 922 1256 est
1010 1223 1025 1245 ὖ
1055 1224 1118 1256 Sed
1151 1224 1241 1255 varia
1274 1224 1488 1266 permixtaque
1523 1229 1664 1269 utamur]

215 1273 250 1303 in
278 1272 424 1312 epistola
454 1274 497 1306 Q.
527 1275 691 1315 Septimii.
735 1275 802 1306 Sed
833 1279 915 1306 nota
967 1274 1073 1305 Varia
1088 1277 1125 1305 et
1147 1273 1316 1314 permixta
1338 1274 1448 1314 lingua
1469 1284 1545 1306 usos
1560 1274 1665 1308 fuisse

214 1322 268 1353 hic
281 1321 408 1363 Dictyn
419 1332 534 1354 earum
550 1328 722 1356 auctorem
736 1334 811 1356 cum
826 1324 914 1356 Cad-
969 1324 1163 1362 Cretenses,
1200 1322 1299 1354 fidem
1335 1321 1468 1355 faciunt
1501 1325 1666 1358 vocabula

214 1381 269 1404 mo
285 1373 443 1404 Danaum
459 1372 590 1413 dicere,
611 1373 789 1415 ipsumque
803 1374 915 1415 Septi·
968 1373 1125 1415 quaedam
1154 1373 1306 1413 antiqua,
1333 1382 1409 1414 quae
1434 1373 1525 1415 apud
1554 1375 1664 1415 Hesy-

213 1421 317 1452 minm
334 1421 557 1461 scribere,eas
574 1423 768 1454 auctoribus
785 1423 914 1455 Cadmo
968 1422 1078 1454 chium
1095 1425 1131 1453 et
1145 1421 1228 1452 alios
1245 1422 1362 1462 legere
1376 1426 1441 1454 est.

213 1476 250 1502 et
266 1469 424 1511 Agenore
438 1469 686 1512 frequentatas.
720 1472 818 1505 Quod
834 1482 913 1504 nus-
1010 1477 1024 1493 θ
1045 1472 1273 1512 Perpessusque
1286 1481 1400 1510 magna
1421 1482 1461 1504 ex
1481 1473 1587 1513 parte]
1609 1474 1662 1505 Ex

213 1529 314 1560 quam
330 1519 410 1550 alibi
426 1519 538 1560 legere
553 1525 626 1560 θείς
661 1531 737 1553 cum
753 1531 819 1554 uno
834 1531 913 1554 con·
966 1521 1064 1562 Virg.
1092 1521 1102 1538 ‘
1116 1520 1269 1560 Quaeque
1284 1519 1358 1561 ipse
1380 1521 1566 1554 miserrima
1582 1522 1664 1563 vidi,

212 1577 313 1601 sensu
323 1568 395 1601 fere
409 1578 527 1602 omnes
542 1571 691 1609 tradant,
703 1572 810 1604 solum
823 1571 911 1605 Cad-
966 1572 1012 1604 Et
1025 1578 1169 1613 quorum
1184 1578 1263 1611 pars
1278 1578 1400 1612 magna
1413 1569 1487 1604 fui:
