1915 3231
694 294 853 326 scENA
887 297 1086 328 TRO1CA.
1558 298 1618 340 85

165 385 317 441 (quem
349 388 389 427 ei
425 388 597 431 Hector
626 401 731 445 post
763 397 982 436 certamen
1016 397 1236 451 singulare
1263 401 1384 444 dono
1419 403 1618 460 dederat)

165 453 386 495 incubuit:
417 455 543 508 cujus
562 470 693 499 cruor
722 460 765 499 in
796 460 946 502 florem
968 467 1036 504 est
1056 467 1383 509 transmutatus.
1442 470 1618 525 Sopho-

163 519 269 568 cles,
290 519 335 560 in
357 519 503 574 Ajace
526 523 740 577 Flagellif.
761 528 835 567 cui
857 529 972 569 adde
994 529 1234 583 Alciatum,
1257 533 1313 575 ad
1333 535 1432 576 167.
1454 541 1500 578 et
1518 539 1616 580 175.

163 584 378 628 Emblem.
396 601 566 630 necnon
584 590 714 632 Ovid.
738 604 854 634 X111.
870 595 1057 638 Metam.
1070 598 1168 638 391.

388 654 440 695 In
462 660 638 709 pectus,
655 663 748 700 tum
768 660 945 702 demum
966 663 1148 704 vulnera
1168 678 1370 718 passum,

277 717 382 769 Qua
402 722 548 774 patuit
567 724 696 775 ferro,
713 726 886 768 letalem
903 729 1099 770 condidit
1119 744 1285 774 ensem.

217 785 459 828 Nummum
489 789 619 841 hunc,
651 804 679 832 a
709 792 1025 846 Prusensibus,
1045 797 1090 837 in
1121 799 1331 841 honorem
1361 801 1610 847 Caracallae

159 852 275 908 Imp.
305 866 480 905 cusum,
512 861 611 898 ante
648 872 732 900 nos
765 861 1005 914 depinxere
1038 863 1243 916 Patinus,
1273 867 1317 907 in
1350 868 1498 924 Impp.
1520 871 1614 912 Ro-

158 933 274 962 man.
313 921 414 962 243.
456 926 501 963 et
536 925 746 978 Sponius,
788 929 833 969 in
865 929 1063 972 Itinerar.
1097 933 1168 973 cui
1202 935 1437 988 respondet
1467 937 1611 980 Liceti

156 986 361 1038 Gemma,
394 991 511 1043 apud
545 991 834 1045 Gronovium,
873 997 1226 1051 Dactylioth.11.
1256 1001 1352 1043 503.
1388 1002 1513 1044 Gem.
1534 1006 1611 1046 ubi

156 1059 201 1094 et
220 1054 298 1095 fax
320 1055 489 1106 ardens,
511 1057 697 1112 Ajacem
718 1061 796 1115 (de
829 1064 1002 1106 Brenno
1035 1065 1277 1122 somnium)
1310 1074 1443 1111 noctu
1472 1077 1609 1114 semet

154 1120 302 1174 ipsum
324 1123 572 1166 confodisse
595 1126 826 1179 significat.

583 1342 777 1384 XXIV.
838 1343 1180 1386 NAUSICAA.

678 1452 783 1493 Lm.
807 1464 872 1493 v1.
905 1452 1023 1495 CAP.
1045 1454 1088 1496 6.

193 1563 205 1580 ‘
224 1560 383 1614 Neque
404 1561 540 1602 multo
557 1565 675 1614 post,
695 1562 901 1615 precibus
919 1567 1055 1616 atque
1073 1563 1248 1605 hortatu
1264 1563 1463 1617 Ulyssis,
1484 1564 1565 1606 Al·

380 1628 498 1669 cinoi
520 1628 614 1669 filia
636 1628 871 1670 Nausicaa
891 1629 1159 1671 Telemacho
1183 1631 1395 1672 denubit.'

202 1726 488 1776 NAUSICAA,
533 1725 725 1778 Alcinoi,
769 1727 1011 1769 Phaeacum
1057 1728 1173 1781 regis
1222 1728 1268 1768 in
1307 1727 1519 1782 Corcyra,
1558 1732 1603 1770 et

144 1792 303 1834 Aretes
333 1793 441 1843 filia,
472 1806 574 1846 quae
607 1794 718 1835 forte
749 1807 849 1835 cum
882 1794 1169 1847 pedissequis
1198 1794 1320 1846 regia
1352 1795 1524 1844 exiens,
1554 1795 1603 1836 in

143 1859 316 1901 flumine
338 1866 484 1902 vestes
514 1860 736 1911 ablotura,
762 1860 919 1902 incidit
947 1861 993 1901 in
1016 1860 1240 1914 Ulyssem,
1261 1861 1534 1914 naufragum,
1554 1861 1602 1903 in

141 1927 286 1968 littore
322 1927 557 1978 sedentem,
598 1928 780 1969 nudum.
861 1927 984 1969 Huic
1034 1930 1180 1969 autem
1223 1927 1416 1982 supplici
1454 1932 1600 1970 vestes

143 1993 278 2044 dedit,
299 2007 488 2047 eumque
503 1994 559 2036 ad
580 1999 750 2049 patrem
772 1994 995 2048 perduxit.
1027 1994 1166 2035 Hom.
1186 1993 1272 2035 Od.
1292 1997 1322 2039 ζ.

196 2061 442 2105 Nausicaae
465 2067 612 2105 autem
633 2068 758 2117 pater
770 2064 918 2118 justus
941 2076 993 2105 ac
1013 2063 1262 2117 pacificus3
1294 2063 1423 2118 cujus
1446 2076 1598 2118 poma-

138 2127 298 2170 riorum
318 2130 432 2172 mira
450 2130 657 2171 fertilitas
679 2131 788 2171 abiit
813 2131 858 2171 in
880 2131 1175 2184 proverbium.
1214 2131 1382 2172 Statius
1404 2142 1437 2172 1.
1470 2130 1596 2184 Sylv.

136 2195 179 2236 3.
198 2194 266 2238 81.
297 2196 505 2240 Juvenal.
528 2208 573 2237 v.
609 2197 706 2239 Sat.
740 2196 841 2238 151.
877 2198 1079 2251 Propert.
1104 2208 1178 2237 111.
1214 2198 1254 2238 1.
1315 2197 1447 2238 Unde
1476 2201 1520 2238 et
1552 2198 1598 2238 in

137 2262 347 2304 Nummis
368 2263 703 2318 Corcyrensium
726 2268 769 2305 et
790 2263 1201 2317 Dyrrachiensium,
1216 2263 1333 2317 apud
1351 2263 1594 2313 Goltzium,

137 2328 282 2371 Graec.
303 2330 344 2370 1.
364 2331 406 2372 2.
427 2335 470 2372 et
498 2331 612 2372 Tab.
636 2330 984 2384 conspiciuntur,
1006 2330 1071 2370 uti
1100 2330 1269 2383 primus
1301 2329 1487 2370 credidit
1504 2329 1595 2370 Be-

136 2408 278 2448 geruS,
311 2396 524 2438 Thesaur.
559 2397 749 2438 Palatin.
774 2408 807 2437 1.
827 2397 926 2436 455.
964 2400 1095 2449 atque
1118 2396 1256 2437 etiam
1284 2408 1312 2436 a
1332 2408 1402 2436 me
1434 2395 1592 2436 confir·

133 2466 289 2513 matur,
311 2464 366 2505 ad
387 2463 650 2505 Wildianor.
673 2464 892 2505 Selector.
919 2462 990 2503 55.

190 2528 329 2571 Porro
348 2530 444 2571 haec
467 2530 697 2572 Nausicaa
724 2543 750 2571 e
783 2529 1062 2571 Numismate
1084 2528 1447 2583 Mitylenensium
1468 2528 1589 2582 apud

133 2595 367 2650 Sponium,
399 2596 649 2639 Miscellan,
671 2596 841 2639 Erudit.
868 2607 932 2637 ιν.
954 2596 1054 2637 130.
