1915 3231
305 286 389 327 146
773 296 982 327 merres
1015 294 1285 326 cnurnusrs

305 389 493 432 advertit
523 389 567 431 in
600 389 845 431 obsidendo
874 392 1027 432 saevire
1059 392 1243 438 nostros,
1273 393 1397 429 ratus
1427 390 1548 431 nulla
1567 391 1609 432 vi
1644 402 1743 442 pro-

299 457 438 498 hiberi
468 457 633 506 hostes,
666 462 743 498 aut
774 471 881 498 suos
913 457 1020 498 satis
1050 456 1220 497 det'endi
1253 469 1403 509 posse,
1442 457 1744 510 desperatione

300 523 448 578 effugii
466 525 710 578 salutisque
732 526 910 566 attentis
940 525 1095 566 ceteris
1121 524 1355 565 adversum
1383 524 1548 573 hostes,
1567 523 1741 564 domum

297 603 542 644 regressus,
558 591 717 644 laqueo
737 591 914 632 interiit.
957 591 1115 645 Neque
1136 591 1274 632 multo
1296 594 1397 644 post
1416 595 1548 643 capta
1568 590 1742 640 civitas,

299 663 432 712 atque
453 658 663 700 interfecti
691 658 816 699 multi
837 657 1069 708 mortales,¹
1099 664 1144 699 et
1163 659 1353 699 abducta
1373 657 1465 698 filia
1484 657 1599 710 regis
1622 657 1740 710 Hip-

296 725 571 779 podamia.¹¹¹
646 725 752 779 [18]
803 725 888 767 Per
928 726 1040 767 idem
1078 731 1252 779 tempus
1292 723 1414 777 Ajax
1453 723 1740 764 Telamonius

294 791 518 833 Thracum
547 790 867 833 Cherronesum
885 797 902 814 ¹¹
943 792 1192 833 omnimodo
1226 792 1475 833 infestabat.
1545 790 1633 832 Sed
1662 790 1739 831 ubi

293 871 372 899 rex
392 871 559 907 eorum,
591 857 900 911 Polymestor,⁰
929 859 1131 899 virtutem
1162 862 1293 912 atque
1326 858 1504 911 gloriam
1524 857 1607 899 viri
1638 870 1740 909 cog-

292 924 429 973 novit,
459 924 657 965 diffidens
692 927 822 966 rebus
857 927 965 975 suis,
995 926 1258 966 deditionem
1286 925 1511 978 occoepit:
1555 929 1737 977 tumque

292 989 546 1044 Polydorus
578 990 745 1032 Priami
779 992 928 1042 filius,p
971 1006 1102 1046 quem
1141 1004 1220 1032 rex
1254 1004 1403 1032 recens
1441 997 1589 1032 natum
1621 990 1736 1031 clam

291 1070 445 1098 omnes
485 1057 690 1098 alendum
723 1059 763 1099 ei
797 1061 1139 1109 transmiserat,4
1189 1072 1355 1100 merces
1386 1058 1514 1112 pacis
1534 1062 1549 1087 ⁵
1598 1058 1655 1098 ab
1684 1070 1737 1097 eo

291 1124 489 1166 traditur.
549 1124 718 1166 Aurum
739 1125 887 1176 etiam,
909 1127 1083 1180 aliaque
1103 1127 1219 1167 dona
1247 1123 1617 1179 cujusquemodi‚⁶
1633 1128 1649 1152 ‘³
1679 1123 1735 1164 ad

896 1244 1130 1256 eeeeeeeeeeee

288 1316 458 1356 coepie.—4
482 1315 576 1347 Med.
592 1316 676 1349 Cod.
697 1317 736 1353 Q.
754 1318 795 1348 R.
809 1328 842 1349 n.
864 1328 891 1349 c.
909 1329 1011 1350 omnes
1024 1329 1053 1349 a.
1071 1329 1097 1350 e.
1113 1323 1137 1348 t.
1176 1318 1241 1349 Alii
1259 1317 1365 1349 Codd.
1385 1318 1427 1353 Q·
1443 1317 1486 1348 R.
1502 1327 1530 1349 r.
1545 1326 1577 1347 ‘n-
1591 1317 1734 1348 utendum

289 1359 417 1389 homini.
440 1358 525 1399 Arg.
536 1370 566 1400 q.
578 1369 606 1390 r.
622 1369 649 1389 r.
664 1369 695 1391 n.
712 1360 822 1392 ominis
833 1371 935 1393 causa.
959 1362 1086 1403 Dclph.
1096 1362 1172 1392 clam
1183 1361 1395 1391 onmibus.—5
1413 1359 1665 1401 Delph.eis.—6
1677 1360 1732 1391 Sic

944 1456 1085 1489 NOTAE

941 1531 985 1562 Et
1040 1531 1177 1562 Briseis.
1221 1530 1275 1562 Ita
1292 1529 1447 1562 Eustath.
1461 1529 1600 1560 Tzetzes
1611 1533 1647 1560 et
1662 1529 1733 1561 alii.

1079 1587 1093 1601 Π
1121 1582 1270 1612 Thracum
1288 1579 1525 1619 Cherronesum]
1550 1580 1579 1610 E
1595 1580 1731 1620 regione

1040 1630 1268 1670 Hellesponti.

287 1528 434 1560 νιόεντος.
456 1528 466 1545 ‘
482 1527 535 1558 Ad
556 1527 646 1569 ripas
662 1529 895 1561 Satnioentis!

286 1579 331 1611 ΙΙ.
354 1583 388 1609 Ζ.
419 1577 462 1609 de
485 1578 598 1609 Elato.
627 1581 703 1610 Ναῖε
729 1579 763 1611 δὲ
785 1579 984 1612 Σατνιόεντος

285 1627 441 1668 ε’ϋῤῥείταο
461 1627 530 1668 παρ’
553 1629 650 1667 ὄχθας
674 1628 819 1665 Πήδασον
836 1629 984 1666 αἰπεινήνρ

283 1680 293 1694 ⁸
310 1678 502 1709 Habitabat
532 1683 643 1708 autem
671 1678 881 1710 Satnioentis
910 1681 982 1720 pul-

286 1726 419 1759 chriflui
434 1728 476 1758 ad
493 1728 581 1767 ripas
604 1727 775 1759 Pedasum
793 1730 985 1761 excelsam!

283 1777 402 1808 AEtate
418 1777 594 1808 Strabonis
616 1777 711 1817 hujus
737 1778 862 1809 Pedasi
890 1779 982 1809 locus

286 1827 369 1858 urbe
397 1836 519 1857 vacuus
544 1827 800 1858 ostendebatur.
847 1828 924 1858 Fuit
946 1834 983 1859 et

285 1877 352 1907 alia
381 1874 532 1906 Pedasus
561 1876 651 1906 circa
691 1877 981 1917 Halicarnassum,

284 1935 383 1966 quam
394 1925 548 1965 Leleges,
564 1935 583 1956 a
600 1926 702 1966 priori
715 1926 849 1958 Pedaso
866 1927 981 1968 ejecti,

284 1974 332 2006 ibi
349 1973 584 2005 condiderunt.

327 2022 342 2042 Ι(
365 2024 483 2053 Eorum
496 2033 553 2054 rex
565 2023 690 2064 Brises]
723 2024 848 2056 Pedasi
866 2035 978 2067 regem

282 2072 404 2104 Brisen
421 2072 516 2108 dicit,
531 2074 589 2114 qui
613 2083 731 2104 revera
747 2075 903 2114 Lyrnessi
923 2078 979 2107 Sa-

283 2122 407 2154 cerdos
423 2121 499 2154 fuit.
544 2123 640 2154 Altes
656 2133 736 2154 vero
753 2133 813 2154 rex
830 2125 953 2156 Pedasi
972 2136 981 2164 ;

283 2182 388 2212 supra
404 2182 447 2203 ex
462 2172 602 2204 Homer.
646 2174 690 2204 Et
708 2184 728 2204 a
744 2174 879 2206 Pedaso
895 2176 981 2216 Hip-

282 2222 475 2263 podamiam
503 2223 685 2254 abductam
712 2224 808 2260 dicit,
836 2234 910 2265 quae
937 2235 979 2256 ex

282 2272 465 2312 Lyn-nesso.
509 2272 612 2303 Hom.
635 2272 677 2304 11.
703 2276 739 2304 B.
768 2272 830 2310 Τὴν
854 2273 889 2304 ἐκ
906 2278 981 2314 Λυρ·

281 2321 401 2359 νησσοῦ
428 2320 562 2359 ἐξείλετο
590 2322 696 2353 πολλὰ
722 2321 876 2362 μογήσας,
903 2327 979 2363 Λυρ-

280 2370 399 2408 νησσὸν
426 2370 628 2411 διαπορθήσας
654 2371 705 2402 καὶ
729 2372 839 2411 τείχεα
862 2372 978 2410 Θήβης.

281 2426 291 2440 ‘
303 2422 413 2454 Quam
428 2422 596 2462 Lyrnesso
608 2422 714 2462 cepit,
728 2423 833 2453 multa
849 2433 977 2463 passus,

280 2471 484 2510 Lyrnessum
509 2481 584 2502 cum
605 2475 772 2501 vastasset
795 2476 831 2502 et
856 2473 977 2502 moenia

279 2522 432 2553 Thebae?
482 2522 568 2553 Inde
592 2523 732 2562 Briseis,
757 2523 847 2563 apud
875 2523 978 2554 Ovid.

278 2573 288 2590 ⁴
305 2572 430 2603 Diruta
447 2577 554 2603 marte
571 2577 629 2603 tuo
652 2573 831 2613 Lyrnessia
855 2574 978 2605 moenia

282 2620 378 2651 vidi.’

322 2669 331 2691 ¹
347 2671 509 2709 Interfectz'
524 2673 613 2703 muln
627 2672 786 2712 mortales]
805 2673 902 2704 Inter
917 2683 974 2704 eos

281 2720 405 2760 Myues
431 2726 467 2752 et
492 2721 727 2762 Epistrophus,
754 2723 859 2754 Eveni
885 2723 974 2764 regis

280 2769 352 2800 filii.

324 2822 347 2839 ⁸¹¹
370 2818 596 2860 Hippodamia]
619 2821 702 2854 Quae
727 2831 746 2852 a
767 2825 865 2863 patre
882 2820 973 2853 dicta

1079 1686 1093 1700 ⁰
1118 1679 1328 1720 Polymestor]
1350 1679 1417 1711 Qui
1441 1678 1583 1709 Ilionam
1599 1677 1729 1709 Priami

1035 1729 1137 1761 filiam
1155 1730 1297 1759 duxerat
1311 1738 1463 1759 uxorem.

1077 1785 1094 1806 P
1119 1781 1290 1820 Polydorus
1306 1779 1431 1810 Priami
1444 1777 1551 1819 filius]
1583 1777 1638 1808 Ab
1655 1778 1729 1809 aliis

1036 1830 1203 1864 dissentit,
1226 1829 1282 1870 qui
1307 1828 1460 1859 scribunt
1481 1828 1689 1869 Polydorum
1708 1838 1729 1860 a

1036 1881 1291 1920 Polymnestore
1320 1879 1572 1910 obtruncatum.
1631 1878 1729 1918 Virg.
1764 1907 1770 1912 ,

1036 1939 1094 1961 11¹.
1136 1930 1210 1961 AEn.
1240 1931 1250 1947 ‘
1275 1929 1378 1960 Hunc
1416 1928 1623 1969 Polydorum
1653 1928 1729 1959 auri

1033 1979 1199 2020 quondam
1216 1988 1290 2010 cum
1308 1977 1458 2018 pondere
1485 1987 1606 2017 magno
1635 1977 1726 2009 Infe-

1034 2029 1079 2059 lix
1110 2028 1264 2058 Priamus
1288 2027 1404 2058 furtim
1431 2026 1609 2058 mandarat
1635 2027 1728 2058 alen-

1032 2077 1110 2107 dum
1125 2077 1284 2108 Threicio
1301 2077 1385 2116 regi,
1401 2086 1475 2108 cum
1498 2076 1572 2117 jam
1595 2075 1727 2108 diffide·

1032 2132 1083 2158 ret
1100 2128 1202 2157 armis
1218 2127 1417 2165 Dardaniae,
1432 2127 1588 2168 cingique
1607 2127 1723 2158 urbem

1030 2176 1205 2208 obsidione
1223 2176 1366 2209 videret.
1396 2177 1472 2214 Ille,
1488 2181 1525 2207 ut
1539 2186 1620 2217 opes
1636 2175 1724 2208 frac-

1032 2231 1076 2256 tae
1091 2227 1272 2265 Teucrum,
1283 2231 1318 2257 et
1334 2225 1472 2256 fortuna
1488 2226 1642 2266 recessit,
1655 2225 1724 2257 Res

1030 2274 1324 2314 Agamemnonias,
1337 2275 1554 2316 victriciaque
1567 2285 1659 2306 arma
1672 2285 1723 2306 se·

1028 2329 1139 2361 cutus,
1156 2325 1219 2355 Fas
1241 2334 1339 2355 omne
1362 2325 1552 2365 abrumpit;
1575 2324 1724 2366 Polydo-

1031 2382 1103 2404 rum
1129 2373 1323 2413 obtruncat,
1349 2379 1384 2404 et
1407 2383 1487 2405 auro
1501 2374 1544 2405 Vi
1568 2374 1724 2415 potitur:

1029 2422 1118 2454 Vide
1134 2423 1286 2462 Euripid.
1302 2423 1335 2453 in
1353 2422 1485 2454 Hecub.

1071 2476 1087 2498 q
1108 2472 1240 2512 Aliaque
1254 2473 1332 2502 dona
1346 2472 1585 2513 cujusquemodi]
1627 2473 1722 2505 Male

1030 2521 1085 2552 alii
1123 2521 1376 2562 hujuscemodi:
1421 2522 1429 2538 ‘
1446 2521 1698 2562 cujusquemodi
1712 2523 1721 2535 '

1029 2580 1094 2602 vox
1111 2571 1214 2611 proba
1230 2577 1266 2602 et
1289 2571 1440 2611 antiqua,
1463 2571 1523 2601 sed
1546 2570 1620 2602 fere
1645 2572 1721 2603 ubi·

1029 2630 1094 2661 que
1121 2625 1291 2661 corrupta.
1336 2621 1470 2652 Lucret.
1495 2620 1553 2651 lib.
1581 2629 1630 2652 vl.
1654 2622 1719 2653 ‘In

1026 2675 1119 2701 terra
1143 2670 1396 2710 cujusquemodi
1418 2679 1531 2701 rerum
1546 2679 1619 2701 esse
1634 2669 1718 2711 figu-

1026 2719 1103 2750 ras!
1146 2719 1218 2750 Cic.
1238 2729 1263 2751 ι.
1280 2718 1350 2750 Off.
1368 2721 1376 2737 ‘
1389 2719 1598 2751 admittenda
1613 2720 1718 2752 homi·

1025 2779 1104 2800 num
1131 2768 1384 2809 cujusquemodi
1414 2768 1621 2801 multitudo!
1670 2771 1717 2802 Et

1026 2829 1068 2852 ιι.
1079 2819 1122 2851 de
1135 2819 1233 2852 Orat.
1247 2820 1256 2836 ‘
1270 2818 1319 2850 Ut
1330 2819 1371 2850 ad
1387 2818 1644 2860 cujusquemodi
1660 2829 1718 2861 ge·
