1915 3231
457 282 519 312 DE
554 282 710 311 BELLO
743 281 968 312 TROJANO
1004 282 1098 312 Lm.
1130 282 1196 313 iv.
1460 273 1545 315 227

97 377 307 420 cherrima
341 375 532 426 miserat,
575 375 805 417 addiderat
843 376 976 416 etiam
1007 376 1137 417 vitem
1175 376 1397 429 quandam
1433 390 1542 418 auro

97 441 327 491 effectam:
354 445 398 482 et
430 442 489 482 ob
522 442 569 483 id
597 455 679 496 per
707 442 895 496 populos
927 443 1269 485 memorabilem.
1339 443 1543 485 Ceterum

92 508 344 564 Eurypylus
363 508 526 549 virtute
545 509 695 549 multis
720 509 902 558 clarus,¹¹
934 507 1170 550 Moesiacis
1203 510 1334 551 modo
1357 510 1543 552 Ceteiis-

94 575 207 631 que⁸
236 576 477 616 instructus
509 575 769 628 legionibus,
796 587 969 616 summa
988 574 1105 616 fama
1124 576 1365 631 laetitiaque
1385 590 1413 617 a
1432 577 1543 618 Tro-

83 643 204 697 janis
224 646 455 696 exceptus,
486 654 592 695 spes
612 653 762 683 omnes
790 640 992 682 barbaris
1013 641 1057 682 in
1078 643 1235 684 melius
1256 648 1542 686 converterat.

91 708 202 764 [15.]
231 708 412 750 Interim
434 707 582 750 Graeci
603 721 708 750 ossa
727 706 922 749 Achillis
953 721 1062 750 urna
1093 709 1287 760 condita,
1318 710 1541 764 adjuncta-

91 788 176 830 que
195 775 324 816 simul
348 774 574 822 Patrocli,v
606 775 651 816 in
672 775 819 828 Sigaeo
840 775 1088 829 sepelivere
1105 790 1115 818 :
1131 782 1153 798 W
1186 778 1259 818 cui
1290 779 1540 832 sepulcrum

89 842 221 883 etiam
234 842 545 883 exstruendum
559 843 614 883 ab
626 842 709 892 his,
725 842 862 895 quiin
877 855 929 883 eo
949 842 1052 885 loco
1068 844 1284 897 agebant,⁹
1297 850 1313 866 Χ
1335 844 1537 886 mercede

87 907 210 962 Ajax
229 909 362 959 locat,
383 908 630 962 indignatus
652 909 754 951 inde
768 915 780 934 ¹
817 909 1013 961 Graecis,
1027 911 1144 965 quod
1165 912 1270 953 nihil
1291 913 1335 953 in
1355 913 1424 955 his
1446 913 1538 966 dig-

87 986 190 1015 num
210 975 407 1017 dolorisy
421 976 555 1030 juxta
576 977 856 1018 amissionem
873 978 982 1019 tanti
998 979 1144 1021 herois
1161 979 1537 1021 animadverteret.

88 1039 174 1082 Per
191 1041 310 1084 idem
330 1046 504 1097 tempus
526 1043 735 1097 Pyrrhus,
757 1057 889 1099 quem
925 1045 968 1086 N
972 1047 1292 1099 eoptolemu1n²
1322 1059 1539 1088 memora-

692 1162 930 1175 eeeeeeeeeeee

85 1246 274 1288 ceterisque5
288 1246 369 1288 Arg.
379 1247 464 1279 Cod.
476 1249 619 1289 citisque.
642 1250 800 1282 Nostram
815 1250 998 1281 lectionem
1017 1250 1167 1281 restituit
1180 1248 1411 1282 Obrecht.—9
1424 1250 1535 1290 Vulgo

83 1288 257 1326 humanm
280 1290 441 1332 Vindiug.
455 1290 714 1324 habitabant.—-1
731 1293 1010 1334 Delph.jam.—2
1029 1292 1151 1333 Delph.
1170 1292 1388 1324 Phoenici.—3
1411 1293 1535 1334 Delpli.

741 1398 882 1430 NOTAE

833 1483 888 1504 rus
904 1473 1017 1504 multis
1033 1471 1257 1511 facinoribus,
1274 1471 1316 1502 ob
1334 1471 1520 1502 virtutem?

874 1527 888 1542 '
911 1523 1129 1563 Adjunctaque
1159 1522 1251 1553 simul
1280 1521 1441 1561 Patrocli]
1479 1522 1532 1552 Ex

833 1573 933 1605 Hom.
949 1573 1017 1604 Od.
1035 1577 1074 1604 Ω.
1106 1574 1172 1606 Qui
1190 1573 1250 1609 ait,
1267 1572 1299 1603 in
1316 1572 1435 1603 eadem
1451 1581 1535 1602 urna

80 1469 217 1510 bantur,
233 1471 408 1503 mulierum
425 1475 565 1513 propter
577 1472 688 1505 dona.’
700 1472 779 1505 Vid.

78 1520 194 1552 Strali.
213 1529 270 1551 ιιι.

121 1570 132 1590 ῑ
152 1570 252 1602 Vitem
262 1572 415 1611 quandam
430 1582 506 1603 auro
516 1572 675 1613 effectam]
693 1574 780 1604 Ver·

78 1619 122 1651 ba
142 1620 312 1652 Eustathii
329 1630 502 1662 apponere
518 1631 583 1653 non
601 1622 780 1662 gravabor.

70 1669 114 1702 Ἢ
136 1672 258 1712 χρυσῆν
270 1670 340 1702 τινά
361 1677 457 1711 φασιν
472 1671 625 1711 ἄμπελον·
651 1671 691 1709 ἣν
705 1673 779 1705 Ζεὺς

77 1720 136 1760 μὲν
149 1720 319 1762 ἐχαρίσατο
334 1720 403 1753 ἀντὶ
418 1721 611 1762 Γανυμήδους
623 1724 669 1762 τῷ
683 1722 777 1764 πατρὶ

75 1771 164 1811 Τρωΐ,
189 1771 325 1812 Πρίαμος
353 1771 387 1803 δὲ
411 1772 447 1803 ἐκ
461 1773 608 1812 διαδοχῆς
623 1774 777 1805 ἐλθοῦσαν

76 1820 123 1854 εἷς
141 1820 234 1853 αὐτὸν
256 1821 413 1861 ὑπέσχετο
434 1821 593 1863 Ἀστυόχῃ
608 1823 650 1864 τῇ
665 1823 776 1854 ἑαυτοῦ

74 1869 132 1911 μὲν
145 1870 278 1913 ἆδελφῇ,
297 1871 477 1912 Εὐρυπύλου
491 1871 524 1903 δὲ
538 1872 642 1913 μητρὶ,
657 1872 683 1904 εἰ
697 1873 774 1912 πέμ-

74 1923 125 1962 ψει
148 1920 199 1953 ἐπὶ
224 1920 386 1963 συμμαχίᾳ
408 1921 464 1953 τὸν
479 1922 555 1960 υἱὸν,
571 1921 709 1963 φάμενον
723 1924 774 1955 ἐπὶ

73 1972 118 2013 τῇ
129 1969 221 2012 μητρὶ
235 1972 355 2003 κεῖσθαι
368 1971 427 2010 τὴν
441 1971 484 2004 εἷς
497 1972 638 2012 πόλεμον
654 1972 772 2013 ἐξέλευ-

73 2031 124 2052 σιν
145 2021 249 2053 αὐτοῦ.
281 2021 323 2053 Id
340 2026 403 2064 est,
420 2024 429 2040 ‘
442 2023 493 2054 vel
516 2033 650 2055 auream
668 2034 774 2066 quan-

73 2071 152 2103 dam
167 2071 271 2103 vitem
287 2072 422 2113 dicunt,
444 2083 541 2114 quam
556 2075 696 2115 Jupiter
711 2085 774 2116 pro

73 2121 273 2162 Ganymede
300 2122 398 2154 dedit
423 2125 505 2155 Troi
534 2125 624 2165 patri
638 2135 647 2164 ;
675 2125 772 2156 Pria-

71 2181 213 2213 musque
238 2182 300 2213 per
323 2174 573 2205 successionem
598 2174 641 2206 ad
661 2184 697 2206 se
714 2175 771 2206 de·

71 2222 221 2254 volutam
255 2222 409 2263 promisit
449 2222 632 2263 Astyochae
665 2224 772 2255 sorori

71 2281 154 2313 suae,
176 2282 252 2315 quae
266 2278 375 2306 mater
388 2279 464 2306 erat
479 2275 656 2316 Enrypyfi,
680 2275 706 2306 si
732 2275 768 2306 fi-

70 2322 152 2354 lium
177 2333 271 2354 suum
287 2324 444 2365 Trojanis
467 2325 667 2356 auxiliarem
691 2325 769 2356 mit-

70 2376 174 2413 teret,
183 2373 239 2414 qui
249 2371 440 2406 affirmabat
449 2383 512 2415 per
521 2379 662 2406 matrem
675 2384 768 2406 suam

70 2426 173 2463 stare,
186 2423 267 2464 quin
282 2423 325 2455 ad
342 2424 469 2455 bellum
486 2424 672 2465 pergeret.'
701 2424 769 2455 No·

70 2472 159 2504 tabis
188 2473 322 2505 interim
352 2474 427 2505 illos
452 2474 594 2506 orientis
624 2475 768 2515 populos

69 2521 157 2553 vites
173 2522 246 2554 illas
268 2533 388 2554 aureas
404 2523 601 2555 adamasse:
625 2533 702 2555 nam
720 2525 767 2555 vi-

67 2576 138 2604 tem
162 2583 296 2605 auream
322 2574 489 2616 Pompeio
506 2576 594 2607 dono
609 2576 706 2607 dedit
722 2576 767 2607 A·

70 2621 266 2662 ristobulua‚
280 2623 323 2655 de
341 2634 408 2666 qua
430 2624 614 2667 Josephus,
629 2626 766 2665 Strabo,

67 2675 105 2702 et
118 2672 186 2703 alii.
229 2673 318 2705 Vide
334 2684 408 2716 quae
425 2677 540 2708 notavi
556 2677 600 2708 ad
617 2677 768 2717 Florum,

68 2728 125 2751 ιιι.
140 2724 172 2752 5.
194 2721 203 2738 ‘
216 2722 286 2754 Sub
302 2733 404 2756 aureo
420 2726 522 2757 vitem
538 2725 649 2758 coelo!

111 2774 126 2789 ⁸¹
152 2770 275 2803 Virtute
295 2773 401 2805 multis
422 2776 541 2817 clarus]
577 2775 632 2807 An
652 2777 765 2807 clarus

68 2819 210 2861 virtute,
229 2822 272 2853 ob
294 2823 400 2856 multa
424 2823 601 2857 facinora?
626 2826 678 2856 vel
696 2825 763 2857 cla-

832 1624 1006 1665 utriusque
1033 1633 1110 1654 ossa
1138 1622 1303 1654 condita:
1336 1622 1388 1653 Ἔν
1411 1623 1455 1661 τῷ
1482 1633 1532 1653 τοι

831 1675 929 1704 κεῖται
958 1672 1046 1704 λεύκ’
1075 1671 1185 1713 ὀστέα,
1214 1671 1328 1711 φαίδιμ’
1364 1672 1529 1711 Ἀχιλλεῦ,

831 1724 935 1763 Μίγδα
950 1724 982 1755 δὲ
999 1722 1193 1764 Πατρόκλοιο
1208 1722 1411 1753 Μενοιτιάδαο
1427 1722 1532 1753 θανόν-

829 1785 893 1806 τος.
917 1775 926 1792 ‘
942 1774 984 1805 In
1000 1775 1062 1804 hac
1081 1782 1163 1803 urna
1178 1772 1369 1813 tibijacent
1387 1773 1464 1803 alba
1479 1782 1531 1803 os-

830 1833 880 1863 sa,
902 1823 1044 1855 illustris
1065 1822 1227 1860 Achilles,
1252 1822 1450 1852 Promiscue
1476 1831 1533 1853 au-

829 1877 899 1904 tem
915 1872 1070 1904 Patrocli
1086 1871 1309 1902 Menoitiadae
1328 1871 1476 1902 mortui!

870 1927 890 1942 w
913 1923 952 1954 In
978 1922 1085 1962 Sigaeo
1114 1921 1296 1962 sepelivere]
1331 1920 1371 1952 In
1399 1921 1529 1953 littore.

827 1973 930 2004 Hom.
957 1973 1040 2004 ibid.
1077 1971 1176 2013 Ἀκτῇ
1198 1970 1248 2002 ἐπὶ
1276 1969 1454 2013 προύχούσῃ
1478 1972 1528 2003 ἐπὶ

826 2025 944 2055 πλατεῖ
965 2021 1201 2061 Ἑλλησπόντῳ.
1231 2022 1387 2053 ‘Littore
1411 2021 1444 2051 in
1469 2031 1529 2052 ex-

827 2075 919 2105 celso
936 2073 977 2105 ad
994 2074 1099 2104 latum
1116 2071 1404 2114 Hellespontum!
1438 2071 1527 2102 Vide

825 2123 938 2155 Strab.
962 2132 1045 2154 xm.

868 2178 884 2193 Χ
908 2173 1144 2203 Exstruendum
1158 2170 1195 2201 ab
1214 2170 1264 2202 his
1278 2171 1331 2211 qui
1351 2171 1384 2201 in
1406 2181 1440 2202 eo
1463 2172 1526 2202 loco

824 2221 975 2262 agebant]
1012 2222 1179 2253 Homerus
1205 2226 1317 2252 tamen
1347 2221 1478 2260 scribit,
1505 2232 1525 2252 a

825 2274 959 2305 Graecis
966 2277 1175 2303 exstructum
1185 2281 1193 2301 :
1208 2269 1316 2310 Μέγαν
1324 2270 1375 2302 καὶ
1385 2270 1525 2310 ἀμύμονα

823 2321 944 2361 τύμβον
958 2320 1099 2360 Χεύαμεν
1119 2319 1265 2361 Ἀργείων
1289 2320 1367 2360 ἱερὸς
1389 2321 1524 2361 στρατὸς

824 2371 1016 2413 αἴχμητάων.
1040 2373 1049 2389 ‘
1069 2371 1233 2411 Magnum
1256 2375 1291 2402 et
1315 2370 1522 2402 laudandum

823 2425 1014 2464 sepulcrum
1037 2422 1199 2454 Fudimus
1218 2421 1419 2462 Argivorum
1444 2420 1521 2461 pius

823 2474 994 2506 exercitus
1012 2472 1272 2504 bellicosorum)

864 2529 877 2550 Υ
903 2524 994 2554 Nihil
1011 2523 1043 2554 in
1056 2522 1106 2553 his
1119 2524 1249 2562 dignum
1265 2521 1395 2562 doloris]
1432 2521 1519 2552 ΗΜ

823 2575 872 2606 ita
897 2573 1135 2614 conjungenda
1159 2576 1249 2610 suut,
1271 2572 1380 2612 ‘quod
1410 2572 1442 2602 in
1468 2571 1519 2601 his

821 2624 901 2655 nihil
918 2622 1045 2654 doloris
1065 2621 1353 2653 animadverteret
1378 2620 1517 2661 dignum

814 2672 1019 2715 juxta,’&c.

862 2729 875 2744 2
891 2723 990 2759 Quem
1005 2719 1253 2761 Neoptolemum]
1269 2719 1297 2751 Α
1313 2718 1378 2752 νέος
1390 2724 1424 2751 et
1440 2719 1517 2750 πτό-

819 2779 915 2813 λεμος
944 2783 1005 2815 pro
1033 2772 1181 2811 πόλεμος,
1218 2771 1358 2812 bellum,
1386 2770 1515 2802 factum

821 2823 1086 2865 Neoptolemum
1110 2823 1190 2864 quia
1211 2822 1347 2862 juvenis
1375 2821 1417 2854 ad
1444 2821 1515 2853 bel·
