1915 3231
759 398 1034 431 APPEanx.
1546 394 1629 436 347

181 496 393 539 referens!
454 496 544 538 Ubi
578 497 759 539 ridicule
789 499 1012 553 Josephus
1042 499 1383 555 Burdoscaliger
1402 507 1628 556 postrema

180 564 267 605 tria
285 564 420 617 verba
440 563 605 605 Lucilii
633 577 732 606 esse
755 565 957 615 credidit,
984 578 1085 619 quae
1109 565 1302 608 Charisii
1323 581 1436 618 esse,
1455 581 1512 609 ex
1534 570 1627 610 Do-

177 630 272 672 nati
291 630 434 671 verbis
468 630 638 672 discere
665 635 851 684 poterat.
911 632 1124 685 Hyginus
1152 633 1240 673 fab.
1267 635 1367 675 274.
1401 635 1501 676 ‘Ne
1528 636 1628 689 quis

177 710 330 739 vserus
350 702 485 740 artem
505 697 770 738 medicinam
791 698 1010 738 disceret!
1070 698 1245 739 Plinius
1266 712 1277 740 z
1301 703 1313 720 ‘
1330 701 1628 754 Hippocrates

178 764 453 805 clarissimus
478 762 712 805 medicinae
745 763 975 805 scientiael
1033 763 1236 806 Ceterum
1255 763 1402 806 Varro
1432 767 1476 807 in
1494 781 1547 808 eo
1566 768 1627 808 nil

174 835 338 884 praeter
364 831 539 872 solitum
557 833 756 883 nugatur,
788 843 889 872 cum
911 829 1130 872 medicum
1155 843 1183 872 a
1202 831 1419 873 medicina
1439 836 1484 873 et
1504 839 1626 874 suto-

175 910 267 938 rem
287 909 315 938 a
335 898 499 938 sutrina
519 896 760 939 derivatum
782 896 981 948 affirmat,
1004 910 1103 939 cum
1123 911 1206 939 nec
1233 899 1359 952 pueri
1387 899 1482 952 jam
1503 900 1627 951 igno-

173 967 279 1014 rent,
319 965 497 1005 nomina
534 964 580 1004 in
612 963 702 1004 inus
736 964 946 1006 exeuntia
978 965 1035 1006 ab
1068 977 1122 1006 eo
1154 965 1403 1019 primigenii
1437 966 1626 1007 nominis

173 1043 299 1081 casu,
318 1032 393 1085 qui
412 1030 544 1072 cadat
562 1030 608 1072 in
627 1031 657 1081 i,
675 1031 861 1073 formata
880 1044 989 1073 esse.
1040 1032 1200 1087 Itaque
1223 1045 1325 1074 cum
1343 1046 1371 1074 a
1388 1033 1626 1086 participio

172 1099 355 1151 passivo
378 1103 508 1139 sutus
531 1098 694 1140 factum
726 1098 887 1140 fuisset
912 1102 1049 1150 sutor,
1081 1100 1138 1140 ab
1159 1099 1294 1153 hujus
1315 1103 1473 1153 postea
1493 1101 1626 1141 tertio

172 1177 278 1206 casu
297 1165 434 1206 sutori
463 1164 710 1219 profectum
730 1168 801 1206 est
821 1166 1058 1216 sutorinus,
1089 1170 1134 1206 et
1158 1179 1236 1219 per
1254 1178 1477 1220 syncopen
1496 1167 1626 1207 sutri-

171 1243 272 1280 nus,
294 1231 596 1285 similiterque,
618 1244 645 1272 a
666 1231 804 1273 verbo
828 1232 975 1285 pinso,
1001 1231 1186 1286 (priscis
1217 1231 1336 1285 piso,
1369 1236 1480 1273 teste
1512 1232 1624 1273 Dio-

169 1297 311 1348 mede,
326 1311 354 1339 a
374 1297 522 1340 Graec.
536 1296 726 1353 πτίσσω,)
746 1298 985 1352 participio
1005 1298 1164 1352 pistus,
1185 1298 1349 1340 factum
1364 1297 1449 1339 fuit
1464 1298 1622 1351 pistor,

169 1366 212 1404 et
229 1376 256 1405 a
282 1364 450 1417 pistori,
470 1366 713 1419 pistorinus
734 1369 778 1406 et
801 1366 1035 1419 pistrinus3
1061 1378 1088 1406 a
1109 1366 1291 1414 textori,
1313 1366 1564 1406 textorinus
1579 1371 1624 1406 et

169 1430 404 1483 textrinus;
423 1444 450 1473 a
462 1431 676 1482 medicus,
690 1431 868 1481 medici,
882 1431 1154 1484 medicinus3
1178 1445 1204 1473 a
1217 1432 1373 1486 piscis,
1387 1431 1516 1485 pisci,
1532 1433 1622 1486 pis-

169 1497 323 1549 cinus;
347 1510 375 1538 a
394 1510 487 1548 rex,
509 1499 615 1551 regi,
636 1498 836 1551 reginus3
859 1511 886 1540 a
908 1499 993 1549 sal,
1016 1499 1116 1547 sali,
1137 1499 1315 1540 salinus.
1357 1499 1411 1540 In
1435 1499 1621 1539 salinum

169 1575 273 1616 ergo
291 1564 581 1605 subaudimus
609 1577 707 1615 vas,
733 1565 780 1605 in
804 1564 976 1615 salinae,
998 1566 1071 1606 vel
1100 1566 1315 1615 tabernae,
1335 1566 1406 1606 vel
1441 1564 1620 1614 fodinae,

169 1629 215 1670 in
235 1631 424 1684 piscina,
439 1643 570 1684 aqua.
606 1630 726 1672 Nam
740 1635 786 1672 et
807 1631 1022 1684 ‘petimen
1042 1630 1281 1685 piscinum'
1303 1630 1490 1673 Naevius
1510 1635 1620 1672 teste

168 1695 306 1738 Festo
341 1696 471 1737 dixit.
532 1697 587 1737 In
625 1696 780 1749 regina
813 1697 1079 1738 subauditur
1112 1698 1311 1748 foemina,
1344 1697 1450 1748 filia,
1491 1710 1619 1740 uxor.

169 1761 398 1805 Charisius
417 1776 427 1804 ε
463 1767 476 1785 ‘
492 1762 666 1816 Regina
686 1763 807 1804 nullo
827 1762 962 1804 modo
981 1764 1283 1818 recipiendum
1303 1764 1388 1805 nisi
1406 1764 1617 1818 recipere·

167 1842 266 1871 mus
293 1834 335 1872 et
354 1830 575 1883 reginum?
634 1830 795 1884 Itaque
826 1829 1042 1883 Virgilius
1075 1831 1203 1872 Iliam
1229 1835 1365 1872 vocat
1387 1831 1620 1884 Reginam,

166 1909 250 1938 nec
270 1909 399 1938 secus
433 1891 690 1947 Ariadnam,
720 1896 841 1951 quod
860 1896 965 1938 filiae
985 1901 1133 1939 essent
1152 1898 1301 1951 regiae.
1359 1897 1418 1939 Et
1437 1899 1618 1940 Servius

166 1964 212 2005 in
246 1963 326 2005 illo
347 1964 448 2004 AEn.
472 1975 504 2007 1.
534 1966 547 1984 ‘
565 1963 702 2014 Quod
727 1964 849 2017 regia
867 1964 898 2006 J
902 1977 988 2005 uno
1013 1964 1315 2007 Monstrarat.'
1375 1965 1519 2019 Regia
1553 1967 1619 2006 in-

166 2034 446 2084 terpretatur,
475 2030 638 2084 regina,
659 2043 817 2084 nempe
844 2035 894 2073 ut
921 2044 949 2072 a
968 2031 1047 2072 lux
1067 2035 1132 2073 est
1153 2032 1320 2074 Lucius
1338 2037 1385 2073 et
1405 2032 1617 2082 Lucinus,

165 2097 281 2138 unde
311 2097 341 2138 J
345 2110 430 2139 uno
463 2098 650 2147 Lucina,
681 2096 746 2138 sic
767 2109 795 2138 a
823 2110 920 2147 rex,
941 2097 1082 2150 regius
1103 2103 1149 2139 et
1168 2099 1353 2152 reginus.
1412 2098 1556 2140 Etiam
1591 2113 1618 2140 a

165 2167 316 2205 taurus
345 2163 455 2205 exiit
472 2168 651 2205 tauteus
672 2167 714 2205 et
734 2164 950 2204 taurinus.
1012 2163 1132 2204 Nam
1155 2168 1198 2205 ut
1219 2165 1282 2206 ait
1302 2164 1491 2213 Plinius,
1510 2165 1617 2205 refe-

164 2235 288 2272 rente
309 2231 462 2272 Servio
484 2231 527 2272 in
556 2230 658 2271 AEn.
697 2240 766 2270 lx.
803 2235 817 2252 ‘
835 2230 1129 2271 derivationes
1155 2243 1244 2271 non
1276 2231 1439 2273 habent
1468 2230 1618 2272 firmas

165 2297 356 2350 regulas,
372 2297 448 2339 sed
469 2301 632 2338 exeunt
651 2302 783 2350 prout
803 2297 1058 2339 auctoribus
1078 2296 1253 2351 placet.'
