1915 3231
260 248 345 288 100

746 257 956 288 mc'rYoS
988 257 1257 288 CRETENSts

262 351 472 403 Ulysses,
502 354 544 392 et
578 349 840 392 Menelaus:
877 352 1035 405 hisque
1056 356 1070 381 ⁵
1105 351 1352 401 mandatur,
1395 354 1445 391 ut
1478 351 1713 403 conquesti

261 417 460 471 injurias,
492 416 732 466 Helenam,
763 422 807 459 et
826 430 927 471 quae
945 423 971 439 ¹¹¹
992 431 1092 458 cum
1113 430 1169 458 ea
1189 418 1369 470 abrepta
1389 420 1523 466 erant,
1542 421 1712 469 repete-

261 488 367 525 rent.

427 483 506 537 [5.]
537 484 694 537 Legati
709 484 726 509 ⁶
756 483 914 537 paucis
936 483 1113 524 diebus¹¹
1144 483 1200 524 ad
1221 483 1401 536 Trojam
1422 482 1618 531 veniunt,
1637 494 1712 522 ne-

264 564 349 603 que
379 556 503 591 tum⁷
534 550 837 592 Alexandrum
868 552 912 592 in
942 552 1042 591 loco
1065 550 1297 591 offendere.

1358 549 1471 590 Eum
1487 549 1503 573 ⁸
1523 562 1713 602 namque

262 618 571 671 properatione
608 619 774 672 navigii
804 618 1056 660 inconsulte
1089 630 1214 658 usum
1235 616 1389 658 venti⁰
1426 616 1483 657 ad
1514 615 1713 669 Cyprum

864 733 1111 748 Oto-eumer&

262 812 327 839 -6
349 810 476 841 Vocem
499 810 612 850 Legati
635 810 762 842 omittit
786 811 973 852 Delph.—7
999 811 1123 852 Delph.
1149 813 1327 842 tamem—8
1351 811 1479 852 Delph.
1508 810 1604 842 Tum.
1622 831 1630 841 .
1645 809 1715 840 ,usi

261 852 375 883 ventis.
420 853 540 884 Barth.
571 853 749 894 tegendum
781 854 952 895 proponit,
982 854 1070 885 Dum
1092 864 1124 885 π.
1149 862 1281 894 propera
1311 853 1534 884 itione...usi
1558 852 1715 883 ventis.—

914 969 1058 1000 NOTAE

265 1046 377 1074 aratro
393 1040 553 1082 subjecit,
571 1050 636 1082 quo
648 1042 721 1073 viso
734 1041 874 1082 Ulysses
888 1052 960 1074 ara·

265 1099 318 1124 tra
341 1091 531 1132 suspendit,
549 1100 653 1132 seque
676 1091 725 1123 ita
747 1092 910 1133 prodidit,
926 1096 962 1123 et

264 1142 305 1173 ad
323 1142 446 1173 bellum
462 1141 536 1173 ivit.

306 1197 329 1212 ¹¹¹
344 1192 493 1222 Helenam
504 1194 534 1222 et
549 1201 628 1230 quae,
642 1191 711 1232 ξω]
735 1191 899 1223 Solennes
915 1193 962 1223 le·

263 1241 437 1281 gationum
466 1239 621 1271 formulae
651 1241 699 1272 sic
729 1241 819 1281 apud
847 1241 963 1273 Ptaut.

264 1296 272 1308 ‘
288 1290 459 1322 Continuo
477 1289 683 1330 Amphitryo
708 1290 839 1331 delegit
869 1292 958 1323 viros

262 1340 447 1381 primorum
465 1340 646 1380 principes.
691 1340 758 1371 Eos
775 1341 878 1381 legat,
895 1341 959 1373 Te-

263 1390 371 1422 lebois
400 1390 501 1430 jubet
539 1389 746 1420 sententiam
776 1394 815 1420 ut
842 1389 960 1421 dicant

265 1448 371 1470 suam.
418 1439 451 1469 Si
467 1438 539 1468 sine
556 1438 587 1468 vi
603 1442 638 1468 et
655 1439 726 1468 siue
748 1438 838 1470 bello
857 1440 961 1471 velint

264 1493 364 1528 rapta
394 1492 430 1518 et
453 1491 610 1528 raptores
641 1488 793 1528 tradere,
823 1488 858 1519 Si
885 1498 961 1530 quae

268 1542 501 1578 asportassent
532 1536 729 1576 redderent,
763 1548 799 1568 se
831 1541 961 1570 exerei-

268 1593 340 1619 tum
371 1587 527 1627 exemplo
554 1586 690 1618 domum
709 1588 962 1628 Reducturum,’

266 1640 332 1668 διο.

310 1692 324 1707 ¹¹
342 1687 459 1718 Paucis
482 1686 604 1727 diebus]
633 1687 760 1718 Triduo
786 1688 852 1718 iter
881 1687 963 1718 illud

267 1736 390 1768 confici
414 1737 538 1776 potuit,
562 1737 588 1767 si
611 1737 743 1768 auctori
776 1737 963 1768 carminum

268 1787 472 1827 Cypriorum
499 1786 668 1817 creditur:
694 1795 776 1816 sane
793 1786 962 1817 Homerus

268 1836 393 1867 alicubi
409 1836 494 1866 dicit
509 1836 688 1867 Nestorem
706 1841 742 1865 et
762 1835 963 1867 Diomedem

268 1897 311 1916 ex
328 1886 392 1917 Ilio
417 1886 551 1917 domum
576 1895 668 1916 suam
695 1890 816 1926 quarto
834 1885 888 1917 die
905 1886 963 1917 de-

269 1936 415 1966 venisse.

310 1990 324 2005 ⁰
349 1985 534 2023 Inconsulte,
550 1983 621 2024 ξω]
649 1984 751 2015 Certe
767 1985 820 2015 hic
840 1984 965 2024 aliquid

271 2035 444 2066 turbatum
482 2038 544 2064 est.
611 2034 807 2073 Legendum
854 2038 936 2074 puto
955 2045 963 2064 :

269 2086 278 2102 ‘
293 2084 416 2124 Neque
435 2088 505 2114 tum
526 2083 756 2113 Alexandrum
775 2084 806 2113 in
824 2084 899 2114 loco
915 2082 963 2113 of-

270 2133 423 2171 fendere,
454 2137 524 2163 tum
552 2141 696 2172 namque
725 2132 964 2172 properatione

270 2182 394 2222 navigii
410 2181 599 2212 inconsulte
617 2191 695 2211 usus
714 2181 824 2212 ventis
841 2182 881 2211 ad
899 2182 964 2221 Cy-

272 2242 368 2273 prum
386 2231 579 2273 appulerat.
596 2230 709 2262 uude!
748 2231 791 2261 Et
821 2231 966 2262 Alexan-

272 2283 369 2313 drum
386 2282 433 2312 ait
450 2286 526 2321 post
543 2280 686 2311 Hetenae
703 2286 836 2320 raptum
853 2281 966 2311 incon-

272 2333 359 2363 sulte
377 2340 470 2362 usum
487 2331 597 2361 ventis
610 2331 759 2371 Cyprum
776 2331 966 2370 devenisse,

273 2382 396 2413 deinde
422 2381 619 2412 Phoeuicen.
672 2381 797 2411 Verum
825 2381 966 2411 Homeri

272 2433 479 2471 interpretes
517 2430 670 2461 scribunt
701 2439 775 2461 eum
811 2431 965 2462 consulte

274 2481 413 2513 eandem
431 2481 608 2521 viam,qua
626 2480 781 2521 Spartam
802 2489 965 2521 pervene-

274 2537 337 2572 rat,
354 2541 421 2563 non
437 2531 595 2566 iterasse,
611 2540 652 2561 ne
669 2531 801 2561 scilicet
817 2540 836 2561 a
849 2531 967 2561 Mene-

275 2585 328 2613 lao
345 2581 587 2612 retraheretur.
610 2581 737 2611 Rursus
751 2581 804 2611 hic
817 2580 968 2621 quaedam

277 2631 494 2672 praetermisit
519 2629 656 2670 Dictys,
672 2629 751 2660 dum
778 2630 889 2660 innuit
903 2630 968 2661 Pa·

278 2681 384 2712 ridem
401 2679 551 2720 Cyprum
563 2678 854 2717 delatum‚deinde
871 2678 969 2710 Phoe-

278 2732 390 2769 nicen,
401 2739 443 2760 ex
460 2730 621 2760 Phoeuice
635 2729 771 2769 Trojam
783 2728 973 2760 devenisse.

279 2782 367 2812 Nam
398 2790 440 2810 ex
469 2780 539 2811 aliis
562 2779 785 2819 scriptoribus
814 2778 974 2810 docemur

1016 1052 1094 1073 eum
1110 1041 1213 1074 etiam
1230 1041 1273 1073 ad
1288 1042 1473 1083 AEgyptum
1490 1042 1532 1074 ad
1549 1042 1713 1076 Proteum

1016 1096 1230 1133 penetrasse,
1247 1092 1304 1132 qui
1317 1084 1606 1131 Proteus‚'audito
1618 1092 1715 1124 Pari-

1016 1142 1068 1173 dis
1095 1142 1240 1181 scelere,
1263 1151 1340 1172 eum
1356 1141 1491 1182 quidem
1512 1141 1716 1173 incolumem

1017 1192 1157 1231 dimisit,
1169 1191 1228 1222 sed
1242 1191 1410 1222 Helenam
1426 1200 1577 1232 opesque
1589 1201 1720 1232 omues,

1015 1251 1089 1284 quae
1105 1252 1181 1274 cum
1198 1251 1239 1274 ea
1262 1247 1368 1283 raptae
1393 1240 1540 1282 fueraut,
1561 1242 1653 1284 apud
1678 1253 1715 1275 se

1015 1291 1157 1323 retinuit
1173 1296 1209 1324 et
1221 1292 1381 1323 Menelao
1398 1292 1599 1324 reservavit.
1625 1291 1717 1324 Vide

1013 1342 1184 1374 Herodot.
1193 1342 1226 1373 in
1236 1342 1381 1382 Euterp.
1397 1341 1569 1372 Homerus
1579 1340 1717 1382 quidem

1013 1391 1174 1423 Paridem
1198 1392 1366 1423 Helenam
1391 1390 1619 1423 abducentem
1641 1396 1714 1423 tum

1016 1442 1096 1473 alibi
1105 1441 1332 1473 errabundum
1343 1441 1521 1481 describit,
1531 1445 1600 1473 tum
1613 1442 1718 1474 etiam

1014 1491 1174 1522 Sidonem
1192 1490 1376 1522 Phoeniciae
1393 1490 1601 1531 applicuisse
1615 1491 1718 1531 signi·

1015 1541 1109 1582 ficat,
1133 1542 1214 1574 dum
1242 1541 1313 1573 ait:
1337 1540 1421 1573 Ἔνθ’
1445 1539 1521 1572 ἔσαν
1545 1541 1575 1572 οἱ
1601 1541 1718 1573 πέπλοι

1015 1591 1227 1630 παμποίκιλοι,
1258 1590 1335 1632 ἔργα.
1368 1592 1523 1630 γυναικῶν
1561 1590 1718 1631 Σιδονίων,

1016 1642 1072 1672 τὰς
1096 1641 1188 1673 αὐτὸς
1211 1640 1410 1680 Ἀλέξανδρος
1438 1640 1572 1678 θεοειδὴς
1590 1640 1718 1681 Ἤγαγε

1016 1690 1199 1728 Σιδονίηθεν,
1228 1691 1363 1721 ἐπιπλὼς
1388 1689 1477 1731 εὐρέα
1499 1689 1626 1726 πόντον,
1651 1692 1717 1729 Τὴν

1016 1739 1097 1775 ὁδὸν,
1125 1739 1164 1776 ἣν
1191 1738 1321 1777 Ἑλένην
1349 1751 1407 1780 περ
1441 1738 1601 1779 ἀνήγαγεν
1625 1740 1717 1772 εὔπα-

1016 1788 1145 1829 τέρειαν.
1187 1789 1276 1820 ‘Ubi
1292 1793 1390 1820 erant
1409 1789 1503 1829 pepli
1522 1789 1613 1822 varie
1632 1790 1719 1831 picti

1017 1848 1123 1879 opere
1162 1839 1337 1869 mulierum
1376 1837 1601 1878 Sidoniarum,
1632 1848 1717 1880 quas

1017 1888 1091 1926 ipse
1114 1887 1212 1918 Paris
1229 1887 1307 1918 Deo
1330 1886 1448 1916 similis
1475 1885 1618 1918 adduxit
1633 1896 1652 1918 e
1665 1888 1719 1919 Si-

1018 1935 1120 1974 done,
1135 1936 1297 1975 navigaus
1315 1944 1376 1974 per
1391 1935 1496 1965 latum
1509 1939 1663 1976 pontum,
1677 1945 1719 1968 ea

1023 1985 1075 2014 via
1101 1995 1167 2025 qua
1188 1985 1355 2015 Helenam
1379 1983 1521 2015 abduxit
1543 1984 1719 2017 nobilem!

1021 2034 1117 2064 Idem
1147 2035 1221 2074 ejus
1251 2034 1284 2064 in
1310 2033 1496 2074 AEgyptum
1533 2032 1718 2065 adventum

1020 2093 1086 2114 non
1102 2083 1243 2114 obscure
1260 2082 1382 2122 innuit,
1395 2083 1475 2114 dum
1491 2083 1718 2116 aitHelenam

1021 2133 1202 2172 pharmaca
1247 2132 1402 2173 quaedam
1429 2132 1603 2173 habuisse,
1641 2143 1719 2174 quae

1019 2182 1109 2212 illam
1137 2182 1347 2222 Polydainna
1364 2191 1448 2213 uxor
1463 2181 1593 2212 Thonis
1615 2181 1719 2214 docu-

1020 2237 1105 2262 erat.
1163 2233 1246 2272 Ejus
1278 2232 1381 2263 verba
1411 2235 1490 2262 sunt
1516 2230 1642 2272 Odyss.
1671 2236 1716 2263 Δ.

1019 2282 1093 2311 Τοῖα
1108 2282 1180 2312 Διὸς
1197 2280 1332 2321 θυγάτηρ
1355 2280 1411 2319 ἔχε
1436 2279 1583 2320 φάρμακα
1606 2280 1716 2319 μητιό-

1021 2342 1105 2367 εντα,
1134 2331 1263 2371 Ἐσθλὰ,
1288 2330 1329 2361 τά
1358 2331 1387 2362 οἱ
1409 2329 1598 2369 Πολύδαμνα
1621 2331 1716 2371 πόρεν

1020 2383 1121 2412 Θῶνος
1150 2380 1340 2422 παράκοιτις,
1364 2379 1531 2419 Αἰγυπτίη.
1586 2380 1627 2411 Id
1656 2384 1720 2420 est,

1020 2431 1125 2461 ‘talia
1148 2431 1244 2463 Jovis
1274 2429 1344 2461 filia
1373 2428 1540 2471 (Helena)
1569 2429 1720 2460 habebat

1020 2480 1201 2520 pharmaca
1217 2480 1326 2518 utilia,
1338 2479 1436 2518 bona,
1447 2489 1521 2520 quae
1537 2479 1600 2519 ipsi
1613 2479 1719 2519 Poly·

1021 2530 1144 2561 damna
1160 2530 1256 2562 dedit
1277 2530 1406 2560 Thonis
1423 2538 1520 2568 uxor,
1535 2528 1719 2569 AEgyptia.’

1023 2580 1149 2611 Niliaci
1177 2579 1254 2610 ostii
1283 2577 1466 2619 praefectus
1488 2582 1562 2608 erat
1577 2577 1605 2608 is
1621 2577 1718 2609 Thon

1023 2629 1093 2659 sive
1109 2629 1249 2662 Thonis,
1267 2637 1308 2659 ex
1331 2627 1521 2659 Herodoto.
1566 2627 1718 2659 Tandem

1028 2678 1069 2709 ab
1086 2678 1159 2708 aliis
1174 2677 1327 2708 erunibus
1342 2675 1496 2707 dissentit
1508 2680 1627 2707 auctor
1639 2676 1720 2707 Car-

1028 2728 1151 2758 miuum
1182 2727 1397 2768 Cypriorum,
1413 2725 1470 2765 qui
1493 2725 1541 2756 ait
1558 2724 1719 2757 Paridem

1029 2787 1071 2808 ex
1100 2778 1224 2817 Sparta
1247 2777 1358 2808 triduo
1386 2775 1484 2806 Ilium
1515 2775 1720 2815 pervenisse.
