1915 3231
239 236 324 278 266
702 246 916 278 Dicrvos
950 247 1220 278 cRErENS1s

237 353 444 391 remeare,
473 340 619 394 Argos
639 341 784 383 venit:
813 341 876 382 ibi
899 341 1119 394 AEgialem
1154 346 1286 395 atque
1307 340 1685 396 Clytaemnestram

235 407 361 448 falsis
379 408 542 449 nuntiis
564 407 792 449 adversum
813 408 990 449 maritos
1012 413 1165 458 armat,
1188 408 1402 462 praedicto
1422 409 1583 450 ducere
1604 420 1683 448 eos

238 485 297 513 ex
336 472 472 527 Troja
511 485 695 522 uxores,
737 474 946 526 praelatas
980 474 1073 514 his:
1118 479 1331 527 praeterea
1368 475 1534 517 addere
1550 480 1566 505 ⁷
1596 478 1685 523 ea,g

238 539 337 591 quis
357 541 520 581 mobile
541 540 730 593 suapte⁸
760 544 916 581 natura
943 541 1152 582 muliebre
1182 541 1399 594 ingenium
1434 542 1575 594 magis
1606 540 1684 581 ad·

237 617 409 646 versum
433 619 538 647 suos
561 606 885 648 incenderetur.
946 607 1019 648 Ita
1040 608 1213 660 AEgiale
1245 607 1548 649 advenientem
1571 608 1683 650 Dio-

235 671 405 713 medem
420 672 436 695 ¹¹
456 686 533 726 per
553 674 673 714 cives
696 673 820 714 aditu
839 673 1040 727 prohibet
1057 687 1067 715 ε
1091 673 1430 727 Clytaemnestra
1444 687 1518 728 per
1530 674 1681 727 AEgis-

234 736 382 788 thum,i
412 739 627 780 adulterio
650 739 737 780 sibi
758 740 999 791 cognitum,
1019 739 1390 791 Agamemnonem
1410 741 1583 781 insidiis
1609 753 1683 782 ca-

234 805 319 856 pit,
340 817 526 858 eumque
547 804 780 847 interficit:
810 806 1018 858 brevique
1048 806 1249 859 denupta
1279 807 1493 857 adultero,
1526 806 1681 859 Erigo-

234 883 335 910 nem
356 883 412 911 ex
433 883 487 911 eo
511 871 614 912 edit.
673 871 855 912 Interim
876 871 1169 926 Talthybius¹
1202 873 1424 923 Orestem,
1445 873 1681 926 Agamem-

235 936 366 977 nonis
384 936 533 987 filium,
543 937 742 979 manibus
756 938 949 991 AEgisthi
966 943 1184 992 ereptum,
1195 939 1452 989 Idomeneo,
1466 940 1542 993 qui
1557 940 1679 993 apud

836 1055 854 1067 0
858 1055 915 1067 000
919 1056 1075 1068 eeoeeeaeo

276 1121 294 1149 7
320 1119 446 1161 Delph.
461 1124 495 1152 et
511 1119 602 1161 vulg.
625 1120 847 1152 addidere—8
872 1121 998 1162 Delph.
1019 1131 1086 1153 sua.

879 1229 1022 1262 NOTAE

231 1289 524 1331 Clytaemnestram
534 1289 576 1322 ab
585 1289 735 1332 AEgistho
744 1294 927 1333 corrumpi,
980 1295 1056 1324 566.
1072 1291 1129 1324 ubi
1147 1292 1310 1324 Cometen
1325 1291 1413 1323 hunc
1435 1300 1501 1323 non
1525 1290 1680 1325 Stheneli

229 1339 414 1380 AEgialeam
452 1341 629 1372 Diomedis
673 1342 714 1373 ab
749 1342 926 1383 Sthenelo,
979 1341 1097 1382 filium,
1112 1346 1151 1373 ut
1165 1350 1283 1372 revera
1295 1340 1372 1378 fuit,
1386 1341 1446 1372 sed
1462 1341 1564 1382 ipsius
1578 1342 1678 1374 Sthe·

229 1388 388 1420 Medeam
404 1388 577 1421 Idomenei
593 1400 614 1422 a
630 1391 813 1423 Leucone.'
979 1392 1047 1423 neli
1073 1395 1205 1433 patrem
1232 1390 1326 1423 facit.
1371 1391 1494 1432 Porro,
1518 1391 1609 1432 quod
1633 1391 1677 1424 de

271 1443 287 1465 ε
319 1437 445 1470 Addere
472 1439 523 1478 ea]
556 1440 624 1471 Sed
649 1440 692 1471 de
715 1440 822 1472 OEace
853 1445 925 1472 tan-

227 1492 298 1519 tum
314 1488 475 1529 loquitur.
511 1490 690 1523 Quomodo
705 1491 820 1532 igitur,
833 1492 924 1524 addi-

226 1538 299 1568 dere
310 1535 326 1568 ?
349 1537 476 1577 optime
490 1538 562 1570 Jos.
579 1539 729 1571 Mercer.
744 1542 868 1572 addere.

269 1585 285 1607 ¹¹
306 1587 328 1617 1
328 1589 360 1617 ta
370 1587 496 1626 AEgiule
506 1589 717 1621 advenientem
729 1590 925 1631 Diomedem]

227 1635 382 1667 Historia
399 1637 549 1676 petenda
565 1642 617 1669 est
632 1647 675 1669 ex
692 1640 928 1680 Lycophmne,

226 1685 284 1716 ubi
301 1686 507 1717 Scholiastes
522 1686 596 1718 haec
612 1687 714 1719 habet
730 1699 738 1720 ε
773 1688 927 1727 Διομήδης

224 1734 304 1772 μετὰ
325 1735 384 1773 τὴν
397 1735 454 1766 τοῦ
467 1735 562 1766 Ἰλίου
582 1736 727 1777 πόρθησιν
749 1738 924 1770 καταπλεύ-

226 1795 286 1815 σας
308 1783 351 1816 εἷς
368 1784 485 1825 *Αργον
499 1785 558 1822 τὴν
579 1786 688 1818 ἑαυτοῦ
709 1788 851 1829 πατρίδα,
874 1788 925 1819 καὶ

228 1834 325 1874 εὑρὼν
348 1834 407 1871 τὴν
436 1833 547 1865 ἑαυτοῦ
577 1836 717 1874 γαμετὴν
743 1837 924 1876 Αἰγιάλειαν

226 1882 483 1923 συνφθειρομένην
492 1883 618 1926 Κομήτῃ
632 1886 677 1924 τῷ
691 1885 744 1924 υἱῷ
758 1886 923 1927 Σθενέλου,

226 1932 276 1963 διὰ
305 1931 343 1962 orb
365 1932 475 1963 ἑαυτὸν
497 1933 530 1963 ἐν
551 1935 592 1974 τῇ
613 1934 705 1975 Τροίᾳ
728 1937 843 1976 τρῶσαι
864 1937 923 1974 τὴν

225 1981 421 2022 Ἀφροδίτην,
442 1982 493 2013 καὶ
520 1982 647 2021 μέλλων
674 1985 730 2016 ὑπὸ
750 1987 806 2023 τῆς
828 1986 922 2023 αὐτῆς

227 2030 404 2069 Arycandus
419 2031 619 2073 ἀναιρεθῆναι,
633 2034 706 2066 τότε
725 2034 782 2074 μὲν
805 2035 848 2067 εἷς
867 2036 922 2067 τὸν

224 2083 281 2119 τῆς
295 2082 434 2123 Ἀργείας
440 2081 538 2124 ’Ἤρας
551 2085 656 2123 βωμὸν
666 2088 854 2126 καταφυγὼν
863 2088 921 2119 σώ-

222 2131 319 2170 ζεται.
342 2130 493 2172 ’Ὕστερον
509 2132 541 2164 δὲ
554 2133 595 2165 εἷς
610 2134 747 2167 Ἰταλίαν
761 2137 863 2175 ὤχετο
879 2136 921 2168 εἷς

220 2182 259 2212 τὸ
268 2181 412 2223 Δαύνιον,
425 2182 509 2215 ἔθνος
522 2183 692 2227 βάρβαρον,
706 2184 742 2217 οὗ
757 2186 919 2222 ἐβασίλευ-

222 2243 260 2262 σε
275 2232 404 2264 Δαῦνος.
441 2234 450 2251 ⁶
470 2233 667 2274 Diomedes,
683 2240 759 2276 post
781 2242 919 2277 captum

222 2282 322 2312 Ilium
341 2281 447 2321 Argos
469 2291 635 2319 reversus,
652 2285 796 2324 patriam
815 2295 921 2325 suam,

223 2341 362 2363 uxorem
379 2332 531 2372 AEgialen
554 2343 574 2364 a
590 2334 734 2366 Cometa
747 2335 922 2367 Sthenelei

221 2381 292 2413 filio
315 2387 510 2422 corruptam
533 2383 672 2424 invenit,
694 2385 744 2415 ira
769 2385 922 2425 Veneris,

223 2440 322 2470 quam
339 2431 409 2471 ipse
423 2431 455 2462 in
470 2432 572 2472 Troja
588 2433 837 2466 vulneraverat.
875 2435 920 2466 Et

222 2480 378 2520 cumjam
395 2479 545 2511 futurum
568 2487 658 2514 esset
681 2487 718 2514 ut
742 2483 784 2515 ab
806 2493 847 2515 ea
871 2484 919 2515 in-

222 2529 450 2565 terficeretur,
466 2530 619 2571 confugit
635 2532 678 2563 ad
701 2542 791 2564 aram
814 2533 921 2565 Juno-

222 2578 274 2608 nis
312 2578 460 2617 Argivae.
499 2579 556 2610 ubi
594 2581 738 2612 salutem
776 2582 918 2613 invenit.

221 2627 439 2669 Tandemque
463 2628 498 2659 in
526 2629 659 2660 Italiam
684 2632 851 2671 pervenit,
875 2631 917 2662 ad

225 2678 390 2708 Dauniam
428 2679 598 2710 nationem
636 2680 828 2722 barbaram,
864 2682 918 2712 cui

223 2726 360 2757 Daunus
388 2727 602 2767 imperabat!
646 2731 698 2760 Ex
736 2740 803 2771 quo
844 2732 917 2762 loco

223 2774 335 2806 obiter
351 2777 570 2817 corrigendus
587 2779 741 2811 Eustaun.
763 2780 801 2811 ll.
825 2785 858 2811 E.
883 2791 916 2821 p.

977 1442 1078 1473 sociis
1094 1441 1280 1473 Diomedes
1296 1441 1439 1473 fabulati
1453 1447 1531 1473 sunt
1552 1441 1679 1483 poetae,

978 1501 1036 1523 eos
1050 1491 1179 1523 scilicet
1200 1491 1233 1521 in
1257 1500 1336 1521 aves
1361 1499 1543 1522 conversos
1559 1489 1678 1530 fuisse,

978 1542 1131 1573 consulte
1153 1540 1265 1572 omisit
1294 1539 1432 1580 Dictys.
1474 1539 1527 1570 De
1549 1549 1617 1581 qna
1638 1549 1676 1571 re

978 1590 1026 1621 sic
1055 1590 1128 1631 ipse
1152 1588 1347 1628 Diomedes,
1374 1588 1463 1629 apud
1494 1589 1590 1630 Virg.
1622 1598 1676 1620 11.

980 1638 1055 1671 AEn.
1075 1640 1085 1656 ‘
1102 1639 1270 1670 Invidisse
1286 1639 1394 1678 Deos,
1409 1638 1529 1679 patriis
1545 1643 1584 1670 nt
1599 1639 1675 1670 red-

980 1688 1071 1719 ditus
1084 1689 1150 1720 oris
1168 1687 1369 1728 Conjugium
1380 1691 1537 1728 optatum
1554 1692 1589 1719 et
1602 1689 1677 1729 pul·

979 1739 1093 1770 chram
1109 1737 1286 1778 Calydona
1301 1737 1467 1769 viderem!
1494 1738 1596 1769 Nunc
1611 1739 1674 1770 eti-

979 1797 1031 1818 am
1048 1787 1200 1818 horribili
1214 1787 1288 1818 visu
1304 1792 1462 1828 portenta
1475 1792 1674 1828 sequuntur,

978 1839 1023 1869 Et
1039 1837 1120 1868 socii
1138 1837 1247 1868 amissi
1264 1838 1438 1877 petierunt
1449 1838 1577 1869 aethera
1591 1847 1674 1879 pen-

977 1888 1040 1924 nis,
1068 1887 1349 1928 Fluminibusque
1378 1893 1543 1928 vagantur
1579 1898 1672 1928 aves,

977 1937 1057 1978 (heu
1073 1937 1148 1967 dira
1162 1946 1313 1968 meorum
1327 1937 1500 1977 Supplicia
1512 1937 1536 1978 !)
1548 1941 1583 1969 et
1599 1948 1674 1970 sco-

975 1987 1072 2027 pulos
1088 1986 1285 2026 lacrymosis
1301 1986 1441 2017 vocibus
1456 1987 1621 2027 implent.’

1018 2035 1027 2056 ¹
1049 2035 1246 2076 AEgisthum]
1267 2036 1427 2076 Thyestae
1442 2035 1558 2068 filium.

1017 2084 1031 2105 ¹¹
1053 2084 1312 2124 Agamemnonem
1326 2085 1452 2117 insidiis
1467 2087 1566 2128 capit]
1600 2086 1673 2119 Ho-

974 2143 1057 2165 mer.
1076 2134 1144 2166 Od.
1159 2140 1198 2166 A.
1209 2139 1245 2165 et
1260 2138 1294 2166 A.
1310 2139 1427 2167 narrat
1435 2135 1671 2168 advenientem

974 2183 1260 2223 Agamemnonem
1281 2183 1322 2214 ab
1339 2184 1490 2224 AEgistho
1505 2194 1602 2216 coena
1616 2195 1673 2218 ac-

975 2238 1126 2273 ceptum,
1163 2233 1280 2274 ibique
1312 2233 1471 2265 occisum.
1535 2234 1671 2276 Tragici

975 2284 1086 2324 poe'tae
1109 2283 1248 2315 fabulati
1271 2288 1360 2320 stunt,
1376 2284 1671 2325 Clytaernnestram

975 2333 1119 2372 indusio,
1133 2333 1220 2374 quod
1236 2333 1362 2364 nullum
1375 2333 1516 2365 haberet
1527 2335 1670 2371 exitum,

976 2382 1261 2423 Agamemnonem
1277 2381 1502 2414 interfecisse.

1019 2431 1026 2451 ¹
1047 2432 1182 2463 Interim
1200 2431 1397 2472 Talthybius]
1419 2432 1487 2464 Alii
1502 2433 1670 2473 scribunt,

975 2482 1147 2521 Orestem,
1171 2490 1233 2521 per
1256 2491 1405 2513 sororem
1424 2482 1597 2514 Electram
1613 2484 1669 2515 ΙΕ-

974 2532 1084 2573 gistho
1107 2535 1313 2571 surreptum,
1341 2531 1374 2562 in
1399 2532 1586 2564 Phocidem
1609 2533 1669 2565 de-

973 2580 1166 2612 mandatum
1196 2579 1240 2610 ad
1269 2579 1475 2621 Strophium.
1521 2581 1575 2613 Ita
1607 2583 1668 2614 So-

974 2630 1122 2670 pliocles.
1136 2629 1169 2660 in
1191 2629 1339 2669 Electra,
1365 2634 1402 2660 et
1429 2630 1558 2671 Hygin.
1582 2632 1668 2664 Fab.

972 2682 1045 2711 117.
1091 2678 1269 2713 Pindarus,
1293 2687 1353 2718 per
1374 2678 1539 2710 Arsinoen
1562 2681 1667 2712 nutri-

972 2739 1046 2760 cem
1063 2728 1195 2760 Orestis
1212 2727 1244 2758 id
1261 2727 1403 2768 factum,
1420 2729 1549 2761 scribit.
1565 2731 1666 2764 Hom.

972 2780 1097 2820 Odyss.
1115 2782 1147 2810 Γ.
1164 2779 1302 2809 innuere
1315 2778 1459 2821 videtur,
1472 2789 1546 2811 eum
1559 2779 1665 2814 Athe-
