1915 3231
647 344 709 373 DE
745 343 916 374 Exolo.
949 343 1113 373 TROJAE
1146 343 1344 375 HlsTOR.
1634 337 1718 378 ‘297

271 435 420 477 Amici
441 439 485 476 et
513 436 714 489 hospites
742 438 799 478 ad
829 437 859 478 J
862 449 1043 479 asonem
1063 441 1290 486 venerunt,
1322 442 1364 478 et
1385 437 1651 490 pollicentur
1670 453 1717 481 se

270 516 358 544 una
388 503 543 544 ituros.
601 502 632 543 J
636 516 746 544 ason
775 505 938 556 gratias
958 504 1051 544 illis
1082 504 1197 556 agit:
1229 507 1272 544 et
1301 504 1469 556 rogavit
1498 508 1547 544 ut
1576 507 1720 557 parati

269 574 429 619 essent,
451 583 551 611 cum
571 574 745 623 tempus
767 571 1088 623 superveniret.
1145 570 1174 611 J
1179 583 1290 611 ason
1310 584 1412 611 cum
1440 576 1620 624 tempus
1646 585 1717 613 su-

268 636 478 689 pervenit,
508 636 660 677 literas
688 635 744 676 ad
780 649 858 677 eos
879 637 1001 677 misit
1021 636 1099 689 qui
1121 641 1246 677 erant
1274 637 1480 691 polliciti,
1505 651 1602 679 sese
1625 652 1713 680 una

268 702 421 753 ituros,
441 706 483 744 et
510 703 632 744 illico
664 707 964 744 convenerunt
995 703 1052 743 ad
1082 716 1255 754 navem,
1287 705 1414 759 cujus
1444 718 1600 746 nomen
1630 709 1722 746 erat

267 768 401 821 Argo.
461 769 613 811 Pelias
635 783 713 810 rex
734 782 835 823 quae
857 782 971 823 opus
989 774 1110 810 erant
1130 770 1175 810 in
1196 771 1343 811 navim
1367 773 1535 826 imponi
1558 772 1719 826 jussit:

268 839 310 876 et
327 836 521 877 hortatus
538 841 606 878 est
626 837 856 887 Jasonem,
870 841 914 879 et
935 837 1010 891 qui
1032 850 1131 878 cum
1149 851 1202 879 eo
1219 839 1320 879 ituri
1341 844 1480 887 erant,
1497 844 1546 879 ut
1568 840 1717 881 animo

266 902 368 943 forti
389 903 497 944 irent
517 904 573 944 ad
594 904 905 957 perficiendum
930 917 1030 958 quae
1052 906 1199 946 conati
1233 910 1394 948 essent.
1454 906 1523 948 Ea
1542 919 1610 948 res
1631 907 1722 948 cla-

266 971 440 1011 ritatem
456 975 473 999 g
503 971 694 1012 Graeciae
716 976 759 1013 et
780 971 892 1025 ipsis
914 971 1088 1013 factura
1109 972 1357 1014 videbatur.
1408 974 1721 1015 Demonstrare

266 1049 345 1078 eos
367 1038 439 1091 qui
461 1051 560 1079 cum
580 1038 609 1079 J
614 1051 752 1080 asone
771 1039 956 1094 profecti
980 1043 1097 1089 sunt,
1117 1052 1202 1080 non
1220 1045 1416 1081 nostrum
1433 1046 1503 1082 est
1521 1054 1530 1078 ε
1552 1041 1629 1082 sed
1647 1042 1722 1096 qui

268 1104 364 1145 vult
383 1117 458 1146 eos
477 1119 757 1159 cognoscere,
780 1107 1064 1160 Argonautas
1097 1106 1249 1161 legat.¹¹
1309 1107 1388 1161 [2.]
1418 1108 1447 1149 J
1452 1121 1574 1159 ason,
1597 1113 1645 1150 ut
1664 1108 1720 1149 ad

268 1170 506 1226 Phrygiam
554 1175 683 1222 venit,
720 1187 879 1215 navem
923 1175 1119 1216 admovit
1157 1175 1214 1216 ad
1264 1179 1434 1228 portum
1477 1176 1720 1217 Simoenta.

269 1237 442 1280 Deinde
473 1253 623 1281 omnes
653 1241 860 1282 exierunt
889 1241 943 1282 de
973 1242 1078 1282 navi
1110 1241 1164 1282 ad
1196 1247 1370 1283 terram.
1429 1242 1722 1283 Laomedonti

268 1305 361 1357 regi
382 1305 669 1359 Trojanorum
690 1308 931 1348 nuntiatum
949 1312 1030 1357 est,
1049 1308 1290 1349 mirandam
1310 1309 1460 1350 navim
1480 1310 1523 1349 in
1543 1314 1722 1362 portum

269 1372 500 1415 Simoenta
518 1374 725 1425 intrasse,
748 1379 793 1415 et
820 1374 866 1414 in
893 1387 946 1415 ea
970 1375 1162 1428 juvenes
1178 1379 1194 1397 2
1225 1376 1279 1416 de
1301 1375 1482 1417 Graecia
1508 1377 1721 1418 advectos

269 1452 382 1482 esse.
443 1440 535 1482 Ubi
557 1442 730 1483 audivit
761 1442 1024 1482 Laomedon
1043 1455 1123 1483 rex
1144 1448 1394 1484 commotus
1414 1448 1494 1493 est,
1514 1449 1556 1484 et
1575 1444 1722 1484 consi-

270 1507 440 1549 deravit
470 1522 699 1550 commune
730 1510 991 1563 periculum,
1025 1510 1064 1550 si
1095 1515 1438 1551 consuescerent
1479 1510 1626 1552 Graeci
1663 1510 1720 1551 ad

272 1587 355 1616 sua
388 1575 538 1617 littora
565 1577 753 1617 navibus
784 1575 1036 1617 adventare.
1097 1577 1243 1617 Mittit
1268 1578 1421 1631 itaque
1455 1578 1510 1618 ad
1548 1581 1720 1631 portum

268 1642 343 1694 qui
365 1641 513 1683 dicant
541 1648 592 1683 ut
612 1643 760 1684 Graeci
791 1643 846 1682 de
880 1642 1044 1683 finibus
1077 1643 1172 1696 ejus
1195 1643 1452 1685 discedant:
1484 1648 1528 1684 et
1561 1643 1599 1684 si
1630 1656 1719 1684 non

270 1707 392 1750 dicto
429 1709 697 1759 obedissent,
730 1712 819 1749 tum
856 1721 954 1749 sese
991 1709 1124 1750 armis
1159 1710 1407 1764 ejecturum
1442 1710 1497 1751 de
1536 1708 1724 1751 finibuS.i

268 1776 410 1818 Jason
429 1780 472 1818 et
491 1777 569 1832 qui
599 1789 700 1818 cum
733 1788 786 1817 eo
817 1779 1021 1817 venerant
1052 1777 1241 1829 graviter
1275 1778 1463 1819 tulerunt
1490 1777 1724 1819 crudelita-

268 1846 355 1885 tem
377 1843 707 1893 Laomedontis,
729 1844 796 1884 sic
818 1856 865 1884 se
886 1844 941 1884 ab
962 1856 1015 1884 eo
1038 1845 1234 1895 tractari,
1268 1857 1366 1885 cum
1397 1845 1515 1886 nulla
1545 1844 1601 1886 ab
1630 1844 1722 1885 illis

269 1910 429 1965 injuria
447 1911 572 1953 sacta
592 1915 712 1953 esset
732 1924 741 1952 :
773 1911 903 1952 simul
924 1915 967 1952 et
982 1912 1200 1953 timebant
1220 1912 1546 1954 multitudinem
1566 1912 1723 1953 barba-

877 2041 1113 2054 “mm“

313 2130 333 2158 2
356 2128 448 2160 Ante
456 2128 584 2168 juvenes
598 2128 703 2162 habet
719 2130 847 2172 Delph.
863 2132 984 2162 multos.

924 2249 956 2281 N
963 2248 1066 2281 OTAE

312 2338 328 2361 ε
364 2331 566 2372 claritatem]
606 2333 850 2365 Claritudinem
886 2333 970 2366 dicit

269 2384 408 2416 Sallust.

311 2433 326 2454 ¹²
348 2433 553 2473 Argonautas
566 2433 668 2474 legat]
702 2435 792 2475 Ergo
817 2438 970 2474 tempore

269 2484 349 2516 belli
378 2483 514 2525 Trojani
540 2484 628 2515 liber
654 2485 811 2525 extabat,
837 2483 970 2524 ‘Argo-

267 2534 424 2568 nautica'
441 2535 639 2576 inscriptus.
684 2536 808 2578 Neque
832 2535 972 2567 dublum

269 2591 323 2618 est
353 2585 433 2627 quin
464 2584 597 2626 Orphei
628 2584 860 2626 Argonautica
890 2585 973 2616 velit

270 2636 427 2677 intelligi.
473 2635 541 2667 Sed
576 2636 730 2677 ineptum
768 2637 971 2677 scriptorem

270 2685 304 2716 id
327 2686 438 2722 latuit,
461 2695 584 2727 nempe
612 2686 788 2727 Orpheum
816 2687 910 2717 illum
936 2690 973 2717 et

270 2735 352 2766 alios
368 2745 531 2778 quosque,
547 2735 604 2778 qui
620 2742 700 2769 ante
718 2738 842 2769 bellum
854 2737 973 2777 Troja-

271 2795 349 2816 num
365 2784 468 2816 fuisse
490 2786 576 2818 dicti
594 2790 687 2826 sunt,
709 2796 730 2818 a
745 2787 855 2828 poetis
871 2785 971 2817 fictos

271 2834 391 2874 fuisse3
425 2835 516 2876 quod
540 2840 576 2868 et
590 2836 731 2868 Vossius
753 2835 918 2874 ostendit,
943 2843 969 2867 1.

272 2885 314 2917 de
331 2894 367 2917 re
385 2884 528 2926 poetica.
572 2886 629 2918 Sic
641 2886 746 2927 igitur
760 2892 879 2918 auctor
892 2894 968 2916 nos-

1025 2338 1078 2365 ter
1095 2342 1155 2374 per
1179 2331 1406 2373 ignorantiam
1430 2340 1504 2362 sese
1528 2330 1725 2363 Pseudoda—

1025 2388 1131 2414 retem
1150 2383 1276 2424 prodit.
1320 2381 1372 2411 De
1388 2379 1594 2421 Argonautis
1611 2386 1724 2412 autem

1024 2434 1102 2464 vide
1121 2431 1337 2473 Apollonium
1354 2429 1532 2466 Rhodium,
1549 2430 1725 2462 Valerium

1026 2484 1198 2519 Flaccum,
1230 2480 1429 2522 Apollodor.
1467 2490 1492 2511 1.
1539 2481 1723 2513 Diodorum

1025 2533 1188 2572 Siculum,
1202 2540 1254 2562 1v.
1274 2529 1463 2571 Hyginum,
1479 2533 1514 2560 et
1531 2530 1624 2561 alios.
1656 2532 1725 2562 Eo·

1024 2594 1097 2615 rum
1127 2582 1303 2623 expeditio
1335 2581 1424 2612 bello
1452 2581 1600 2621 Trojano
1630 2582 1724 2621 prior

1025 2635 1090 2666 fuit
1105 2634 1200 2665 annis
1217 2631 1357 2664 circiter
1373 2631 1641 2672 quinquaginta3
1658 2631 1724 2663 etsi

1024 2685 1126 2716 aliter
1137 2683 1310 2723 Scaligero
1328 2681 1434 2712 visum
1448 2685 1512 2711 est.

1067 2732 1074 2753 ἰ
1097 2733 1174 2764 Tum
1193 2740 1260 2762 sese
1279 2729 1376 2761 armis
1397 2729 1565 2768 ejecturum
1589 2729 1628 2760 de
1643 2729 1724 2769 fini·

1024 2782 1094 2823 bus]
1120 2783 1224 2822 Lego,
1238 2782 1247 2798 ‘
1260 2780 1347 2811 Tum
1359 2788 1432 2811 sese
1444 2779 1544 2810 armis
1560 2788 1616 2810 eos
1634 2779 1725 2820 ejec-

1023 2838 1136 2866 turum
1152 2832 1194 2864 de
1209 2829 1358 2862 tinibus.y
