1915 3231
554 263 617 292 DE
654 261 809 291 nunno
843 260 1070 290 'rquANo
1107 260 1198 290 mn.
1234 261 1264 291 1.
1546 252 1629 292 109

181 361 319 396 numa
349 355 567 408 deligitur.
626 354 735 408 [13.]
770 354 840 394 Ita
871 354 944 393 ubi
974 357 1148 406 tempus
1181 355 1320 394 visum
1351 356 1630 408 est,'primus

182 422 372 462 omnium
412 421 576 474 ingenti
622 421 798 461 nomine
833 420 1010 459 virtutis
1056 425 1189 472 atque
1227 421 1424 473 corporis
1448 420 1464 443 ¹²
1509 422 1630 475 Ajax

181 487 465 528 Telamonius
491 487 682 535 advenit,
704 499 803 526 cum
820 491 832 514 ³
864 498 916 525 eo
944 485 1117 526 Teucer
1145 485 1307 528 frater.c
1367 487 1483 527 Dein
1511 488 1630 529 haud

179 552 322 593 multo
344 556 446 605 post
477 553 742 594 Idomeneus
762 555 806 592 et
827 550 1060 601 Meriones,
1091 564 1261 593 summa
1281 553 1397 594 inter
1418 566 1466 594 se
1490 553 1632 607 juncti

182 620 430 660 concordia.
488 619 653 660 Eorum
691 631 772 670 ego
794 615 811 639 ‘³
850 621 1031 658 secutus
1066 619 1340 669 comitatum,
1372 632 1426 660 ea
1455 620 1630 674 quidem

182 698 280 739 quae
319 690 451 727 antea
490 685 607 739 apud
638 685 818 738 Trojam
840 689 854 706 θ
891 688 1014 736 gesta
1054 688 1155 726 sunt
1194 685 1250 726 ab
1287 685 1450 739 Ulysse
1487 688 1633 739 cogni-

182 755 261 792 ta4
287 764 421 805 quam
458 751 794 804 diligentissime
829 750 981 791 retuli:
1014 755 1057 792 et
1090 752 1256 805 reliqua
1288 765 1388 806 quae
1421 753 1631 806 deinceps

181 817 383 860 insecuta
404 822 521 870 sunt,
543 818 751 872 quoniam
772 819 870 872 ipse
892 819 1082 868 interfui,
1107 832 1240 873 quam
1261 820 1486 861 verissime
1507 825 1631 874 pote-

182 897 232 927 ro
253 898 494 940 exponam.
554 885 693 939 Igitur
725 890 831 939 post
852 898 946 934 θος,
969 898 1081 938 quos
1110 899 1244 939 supra
1274 888 1630 938 memoravimus,

181 952 349 994 Nestor
378 967 479 995 cum
499 951 735 994 Antilocho
765 956 807 993 et
836 952 1151 1006 Thrasymede,
1173 966 1287 1006 quos
1317 967 1374 994 ex
1403 953 1631 996 Anaxibia

182 1024 451 1073 susceperat,
493 1020 762 1073 supervenit.
822 1019 914 1059 Eos
956 1017 1206 1060 Peneleusf
1244 1021 1486 1070 insecutus,
1531 1035 1629 1062 cum

181 1084 340 1127 Clonio
372 1092 418 1127 et
447 1086 708 1128 Arcesilaog
739 1085 1109 1138 consanguineis.¹¹
1170 1087 1283 1127 Dein
1314 1087 1556 1128 Prothenor
1587 1092 1631 1129 et

183 1151 360 1202 Leitus‚i
382 1154 572 1195 Boeotiae
595 1151 851 1206 principes·k
912 1153 1113 1206 Itemque
1137 1153 1348 1195 Schedius
1369 1157 1413 1194 et
1433 1155 1631 1207 Epistro-

182 1217 327 1271 phus,¹
350 1219 632 1272 Phocenses3
664 1218 964 1271 Ascalaphus,
985 1224 1029 1260 et
1052 1220 1316 1270 Ialmenus,m
1339 1220 1628 1262 Orchomenii,

777 1335 1017 1350 ‘'OOOCNOOOO

182 1411 431 1443 decernitur.——3
456 1411 548 1444 Ante
569 1422 638 1444 cum
665 1412 783 1443 inserit
796 1412 927 1453 Delph.
947 1415 1052 1445 et.—4
1075 1412 1238 1455 Vinding.
1255 1413 1466 1446 inserendam
1483 1414 1555 1446 vult
1572 1424 1629 1446 νο,

833 1517 975 1550 NOTAE

225 1596 240 1612 ὃ
262 1591 347 1630 Argi
362 1592 525 1623 Diomedis
537 1591 683 1631 regnum]
706 1591 775 1622 Per
797 1591 880 1622 Dio-

180 1641 287 1672 medis
297 1646 410 1673 autem
424 1651 577 1681 regnum,
588 1642 697 1680 Argos
710 1641 880 1680 Pelopon-

181 1691 253 1721 nesi
266 1691 384 1723 urbem
399 1693 565 1731 intellige,
582 1691 623 1722 ad
639 1691 800 1721 Inachum
817 1689 879 1720 flu-

179 1741 282 1780 vium,
309 1741 367 1772 ubi
396 1741 595 1781 Diomedes,
618 1750 680 1781 pro
702 1741 879 1781 Agamem-

179 1799 280 1828 none,
296 1790 440 1830 scilicet,
455 1790 686 1831 imperitabat.

224 1838 239 1860 ¹³
266 1839 402 1871 Virtutis
431 1843 526 1880 atque
553 1839 706 1880 corporis]
731 1840 820 1871 Nam
843 1844 879 1871 et

180 1895 260 1930 post
282 1889 448 1922 Achillem
476 1890 678 1922 fortissimus
706 1891 879 1922 existima-

179 1938 294 1970 batur.
318 1939 420 1970 Hom.
438 1940 480 1970 Il.
496 1944 530 1971 Β.
569 1940 700 1981 Ἀνδρῶν
715 1940 740 1970 δ’
760 1939 797 1971 αὖ
807 1939 879 1979 μέγ’

180 1987 303 2028 ἄριστος
317 1987 370 2025 ἔην
380 1989 573 2027 Τελαμώνιος
584 1991 671 2029 Αἴας,
683 1990 777 2030 Ὄφρ’
792 1990 879 2029 Ἀχι-

180 2036 255 2068 λεὺς
278 2037 395 2077 μήνιεν,
420 2040 437 2069 ὁ
461 2039 523 2080 ’γὰρ
543 2039 626 2070 πολὺ
647 2038 799 2080 φέρτατος
813 2039 878 2078 ἦεν.

178 2087 188 2104 ‘
206 2086 364 2118 Virorum
381 2092 494 2120 autem
518 2090 618 2130 longe
640 2091 879 2130 praestantissi-

180 2145 254 2166 mus
269 2142 343 2168 erat
365 2138 578 2170 Telamonius
601 2139 704 2179 Ajax,
727 2140 804 2170 dum
832 2140 878 2170 A-

180 2185 297 2217 chilles
325 2186 431 2218 iratus
462 2193 549 2228 erat,
579 2198 656 2219 nam
687 2189 741 2220 hic
770 2189 880 2221 multo

181 2237 481 2275 praestantissimus
500 2238 597 2269 erat.’

223 2290 238 2306 ⁰
262 2286 375 2317 Teucer
380 2287 502 2327 frater]
528 2288 580 2318 Ex
603 2292 701 2328 patre
727 2293 880 2328 tantum3

180 2343 257 2365 nam
280 2336 370 2376 Ajax
392 2346 433 2367 ex
452 2337 623 2379 Periboea,
638 2342 674 2369 at
689 2339 821 2369 Teucer
837 2348 880 2369 ex

181 2383 335 2415 Hesiona
350 2389 449 2416 natus
464 2391 529 2416 est.

223 2433 239 2454 ‘¹
262 2435 378 2466 Eorum
389 2435 461 2475 ego]
487 2436 563 2467 Hoc
576 2434 697 2467 falsum
721 2437 879 2477 essejam

182 2483 297 2514 multis
313 2489 415 2516 antea
430 2485 621 2524 probatum.

226 2537 240 2553 θ
264 2533 343 2569 Quoe
357 2538 448 2565 autea
463 2537 547 2574 apud
563 2534 703 2574 Trojam]
727 2535 767 2565 In
790 2536 882 2576 lega-

184 2581 288 2622 tione,
303 2584 445 2619 scilicet,
460 2585 596 2624 Ulyssis
614 2590 648 2615 et
663 2585 826 2616 Menelai.

227 2630 241 2650 f
258 2632 424 2673 Peneleus]
448 2634 610 2673 Hippalei
637 2640 672 2664 et
695 2634 882 2675 Asteropes

183 2679 283 2712 filius.
328 2681 396 2712 Alii
414 2688 545 2723 patrem
571 2689 693 2714 vocant
708 2686 717 2701 ⁴
737 2684 884 2725 Hippal-

185 2730 300 2770 mum‚'
316 2731 372 2762 alii
388 2733 398 2749 ‘
414 2732 692 2773 Hippaleimum.’

229 2785 244 2806 ἓ
271 2781 348 2811 Cum
369 2782 478 2813 Clanio
501 2787 530 2815 et
553 2783 728 2823 Arcesilan]
746 2784 884 2816 Clonius

933 1591 1072 1623 Lacu-eti
1097 1596 1133 1623 et
1156 1592 1336 1624 Cleobules
1362 1591 1632 1631 filius,Archesi·

932 1641 1005 1672 laus
1031 1642 1114 1682 Lyci
1141 1647 1176 1673 et
1199 1642 1394 1674 Theobulae.
1439 1643 1541 1673 Hunc
1565 1644 1632 1683 Ly-

932 1699 1021 1729 cum,
1035 1690 1242 1722 Archilicum
1257 1697 1358 1722 vocat
1370 1691 1470 1723 Diod.
1483 1701 1535 1723 1v.
1559 1692 1630 1723 Ho-

932 1740 1263 1782 merus,Areilycon,
1289 1742 1331 1773 Il.
1358 1745 1392 1774 Ξ.

975 1789 989 1809 ¹¹
1014 1790 1276 1830 Consanguineis]
1314 1792 1367 1821 An
1400 1795 1541 1831 paterna
1577 1792 1631 1822 vel

931 1844 1088 1871 materna
1104 1841 1247 1881 origine,
1259 1842 1407 1872 nondum
1428 1841 1523 1882 potui
1539 1851 1631 1873 com-

933 1890 1057 1930 perire.

975 1938 984 1959 ἰ
1006 1939 1184 1971 Prothenor
1211 1943 1241 1972 et
1267 1940 1391 1980 Leitus]
1422 1941 1630 1972 Prothenem

933 1987 1124 2020 Archesilai
1161 1989 1302 2021 fratrem
1340 1989 1425 2021 facit
1463 1990 1631 2031 Hyginus.

933 2039 1051 2069 Leitus
1068 2038 1252 2070 Aletrionis
1268 2044 1302 2070 et
1317 2039 1495 2071 Cleobules
1511 2039 1610 2070 filius.

975 2087 990 2108 ¹³
1014 2088 1148 2119 Boeotiae
1174 2088 1342 2129 principes]
1389 2088 1444 2120 Ab
1480 2089 1631 2119 Homero

932 2138 1091 2179 discedit,
1107 2144 1145 2170 ut
1168 2144 1342 2170 auctorem
1362 2148 1457 2170 suum
1474 2139 1628 2170 dissimu-

930 2188 1000 2219 let:
1027 2188 1193 2219 Homerus
1217 2188 1305 2219 enim
1327 2198 1395 2218 non
1417 2189 1523 2220 solum
1546 2188 1631 2219 Pro·

932 2238 1106 2268 thenorem
1122 2242 1158 2268 et
1168 2238 1317 2277 Leitum,
1331 2238 1390 2268 sed
1408 2238 1509 2269 etiam
1522 2237 1629 2268 Arce-

933 2286 1065 2327 silaum,
1081 2287 1250 2327 Clonium,
1271 2293 1307 2318 et
1323 2287 1509 2318 Peneleum
1527 2289 1628 2318 Boeo·

934 2336 1057 2367 tiorum
1085 2337 1255 2377 principes
1277 2336 1384 2368 facit:
1409 2339 1547 2368 Βοιωτῶν
1572 2337 1630 2375 μὲν

934 2385 1106 2425 Πηνέλεως,
1118 2385 1169 2417 καὶ
1179 2385 1289 2423 Λήϊτος
1303 2385 1412 2425 ἦρχον,
1428 2386 1630 2426 Ἀρκεσίλαός

933 2447 981 2476 τε,
995 2435 1155 2476 Προθήνωρ
1175 2448 1212 2466 τε
1235 2435 1364 2467 Κλόνιός
1381 2448 1428 2467 τε.
1472 2437 1481 2452 ‘
1499 2436 1631 2467 Boeotis

935 2486 1071 2527 quidem
1097 2486 1262 2516 Penelens
1288 2491 1323 2516 et
1348 2486 1465 2516 Leitus
1488 2485 1632 2525 impera-

935 2535 1033 2576 bant,
1045 2536 1341 2576 Archesilausque,
1356 2535 1632 2577 Prothenorque,

937 2584 1166 2626 Cloniusque!

977 2633 985 2655 ¹
1008 2634 1157 2666 Schedius
1193 2637 1223 2665 et
1260 2634 1484 2675 Epistrophus]
1529 2634 1633 2675 Iphiti

938 2685 1143 2718 Naubolidae
1161 2690 1195 2715 et
1215 2685 1410 2725 Hippolites
1422 2685 1494 2717 filii.
1531 2686 1636 2725 Αὐτὰρ

937 2733 1068 2771 Φωκήων
1083 2734 1212 2772 Σχεδίος
1226 2734 1276 2765 καὶ
1297 2734 1502 2775 Ἐπίστροφος
1523 2733 1636 2774 ἦρχον,

940 2783 1025 2815 ’Υἱέες
1062 2783 1178 2823 Ἰφίτου
1215 2783 1391 2823 μεγαθύμου
1426 2784 1635 2820 Ναυβολίδαο.
