1915 3231
263 352 347 393 2'8
730 361 939 392 mcrros
972 361 1245 393 cusrnusrs

263 456 390 501 filia,¹¹
422 452 674 508 Chrysippo
706 457 838 508 atque
869 453 1009 496 Arato
1036 454 1286 497 narraverit.
1361 451 1496 503 Qua⁹
1526 455 1713 506 tempes-

263 527 358 563 tate
376 522 503 562 multi
519 522 713 575 undique
730 534 850 574 reges
870 522 1004 563 acciti
1025 521 1201 562 domum
1220 519 1437 567 Chironis,
1456 519 1571 560 inter
1588 519 1714 573 ipsas

263 589 421 642 epulas
449 601 613 630 novam
638 592 822 642 nuptam
843 589 1013 642 magnis
1041 588 1248 629 laudibus
1268 587 1406 629 veluti
1435 587 1579 628 Deam
1601 586 1716 627 cele-

262 656 511 705 braverant,
543 660 769 709 parentem
799 655 897 709 ejus
931 654 1122 696 Chirona
1155 654 1430 708 appellantes
1453 651 1615 701 Nerea,
1645 652 1713 705 ip·

263 735 450 775 samque
483 721 705 764 Nereida:
722 724 735 743 ¹
765 726 808 764 et
842 727 894 762 ut
914 722 1101 776 quisque
1138 733 1287 762 eorum
1314 733 1478 772 regum,
1505 718 1584 772 qui
1612 731 1716 759 con-

262 789 383 829 vivio
414 789 709 838 interfuerant,
741 789 875 830 choro
909 787 1187 841 modulisque
1221 787 1462 829 carminum
1494 784 1715 838 praevalu-

263 859 369 903 erat,
388 855 453 895 ita
474 853 727 907 Apollinem
749 855 1058 907 Liberumque,
1079 867 1137 895 ex
1155 853 1352 895 foeminis
1376 852 1590 906 plurimas
1613 850 1715 891 Mu-

263 925 369 960 sasv
389 921 832 974 cognominaverunt:
862 920 978 960 unde
999 920 1055 961 ad
1076 920 1121 960 id
1141 923 1319 973 tempus
1336 918 1585 960 convivium
1605 917 1714 958 illud

264 987 462 1027 Deorum
484 987 772 1040 appellatum.
813 987 891 1038 [8.]
910 986 1066 1040 Itaque
1085 986 1160 1027 ubi
1182 991 1338 1027 cuncta
1359 998 1460 1039 quae
1482 985 1716 1026 voluerant

263 1066 528 1106 cognovere,
551 1053 608 1094 ad
627 1066 772 1106 regem
786 1058 811 1074 W
833 1052 1030 1103 redeunt,
1045 1056 1088 1095 et
1109 1052 1285 1105 singula
1303 1065 1380 1106 per
1402 1051 1597 1093 ordinem
1617 1063 1715 1090 nar-

873 1175 1109 1189 eeeeeeeeeeee

305 1267 325 1296 9
350 1265 472 1306 Delph·
493 1266 649 1302 Quiza—1
670 1265 796 1307 Delph.
813 1265 993 1297 Nereidum.

914 1369 1056 1401 NOTAE

262 1443 334 1482 ejus
350 1442 565 1483 complexum
584 1442 656 1483 jam
674 1442 857 1483 prodeunti
871 1442 962 1478 Jovi,

262 1492 506 1523 Prometheum
534 1492 670 1528 dixisse,
703 1497 820 1523 natum
851 1501 893 1522 ex
922 1501 964 1523 ea

263 1542 350 1573 coelo
366 1541 628 1573 dominaturum.
673 1542 761 1573 Sunt
786 1541 888 1573 etiam
907 1542 964 1582 qui

263 1595 464 1630 memorent,
491 1591 614 1622 Thetin
651 1591 796 1624 Junonis
835 1592 966 1623 monitu

263 1649 462 1681 persuasam
477 1639 600 1671 Jovem
616 1641 760 1672 evitasse
774 1652 784 1679 ;
806 1641 883 1672 hinc
902 1641 968 1672 ira-

263 1694 338 1721 tum
366 1690 491 1722 Jovem
516 1690 663 1721 voluisse
689 1695 726 1722 ut
751 1699 791 1721 ea
814 1691 966 1722 mortalis

263 1742 330 1772 viri
346 1740 502 1781 conjugio
518 1741 701 1773 locaretur.
735 1741 888 1772 Chironis
906 1741 969 1772 ita-

265 1800 331 1830 que
349 1790 499 1828 consilio,
511 1799 587 1820 eam
603 1790 914 1830 comprehendendi
927 1800 967 1822 ac

264 1838 442 1870 detinendi
459 1839 629 1870 rationem
643 1839 769 1870 Peleus
782 1840 875 1871 iniit:
892 1849 967 1870 eam

266 1889 385 1930 itaque
400 1898 474 1920 cum
488 1888 522 1919 in
533 1888 641 1919 varias
654 1898 728 1919 sese
740 1887 865 1920 formas
877 1898 968 1920 com·

265 1942 455 1970 mutantem
471 1938 700 1975 observasset,
712 1939 874 1979 corripit3
891 1948 966 1980 quae

266 1998 342 2020 cum
359 1988 497 2019 interim
515 1987 615 2028 ignis,
631 1988 765 2018 interim
783 1998 882 2029 aqua,
899 1998 969 2019 mo-

266 2038 311 2069 do
340 2038 444 2070 etiam
471 2037 556 2068 ferae
575 2038 702 2069 vultum
724 2043 877 2079 caperet,
900 2048 969 2070 non

268 2097 355 2127 eam,
390 2088 586 2128 priusquam
622 2087 797 2128 pristinam
825 2086 968 2119 formam

269 2139 441 2180 recepisse
472 2139 569 2179 vidit,
597 2138 738 2170 remisit.
781 2139 882 2170 Hanc
910 2139 969 2170 de-

267 2198 358 2220 mum
377 2189 411 2220 in
428 2189 526 2220 Pelio
541 2193 656 2220 monte
671 2188 735 2220 sibi
753 2188 949 2230 copulavit.’

312 2244 326 2259 υ
352 2239 499 2270 Chironis
511 2238 603 2280 filia]
635 2239 688 2269 De
704 2239 766 2269 hoc
782 2248 884 2279 supra
899 2238 969 2270 dic-

268 2292 340 2319 tum
357 2292 419 2327 est,
441 2287 499 2319 lib.
517 2297 541 2318 1.
558 2297 679 2318 revera
693 2287 802 2319 Nerei
814 2287 883 2318 filia
896 2286 972 2318 fuit.

312 2342 326 2356 v
348 2336 527 2378 Apollinem
547 2336 762 2376 Liberumque,
783 2336 972 2374 exfoeminis

265 2388 418 2427 plurimas
442 2387 566 2427 BIusas,
586 2386 659 2426 ira]
692 2386 754 2417 Ait
775 2386 909 2427 Dictys„
929 2395 971 2417 ex

270 2438 410 2478 regibus
420 2437 501 2478 inis,
510 2437 567 2478 qui
579 2435 709 2477 nuptiis
719 2434 859 2472 affuere,
870 2435 971 2467 alium

271 2488 479 2527 Apollinem,
505 2487 607 2518 alium
635 2485 806 2521 Liberum,
830 2484 970 2516 dictum.

272 2537 326 2568 Ex
337 2536 483 2568 foeminis
495 2540 607 2567 autem
620 2544 890 2576 unamquamque
899 2535 971 2566 uni-

271 2596 310 2618 us
327 2587 436 2617 Musae
459 2585 594 2617 nomine
614 2585 817 2625 insignitam.
861 2584 971 2626 quue

273 2636 403 2676 optime
418 2636 554 2676 Dictys,
564 2639 601 2666 ut
612 2635 807 2666 immutaret
822 2633 972 2665 fabulam

273 2695 340 2726 qua
356 2685 546 2723 dicebatur,
565 2684 657 2715 Deos
679 2692 759 2715 vere
782 2684 907 2724 nuptiis
923 2682 973 2715 af-

274 2734 393 2767 fuisse.
438 2734 636 2775 Apollodor.
652 2741 709 2764 111.
739 2732 876 2774 ‘Atque
891 2732 975 2764 inibi

273 2785 347 2824 Dii,
370 2785 524 2816 convivio
555 2783 707 2824 excepti,
737 2792 797 2815 suo
831 2784 974 2824 quisque

274 2843 414 2864 munere
423 2833 671 2865 matrimonium
682 2832 975 2866 commendarunt.

276 2885 366 2916 Nam
391 2884 515 2915 Chiron
537 2883 633 2915 hasta
661 2882 793 2914 fraxina
818 2883 973 2923 Peleum,

1018 1441 1202 1482 Neptunus
1239 1441 1335 1482 equis
1372 1440 1470 1473 Balio
1503 1445 1539 1472 et
1568 1441 1721 1482 Xantho,

1016 1491 1193 1522 Vulcanus
1209 1500 1301 1529 ense,
1317 1496 1352 1522 at
1371 1491 1490 1532 reliqui
1516 1492 1588 1523 aliis
1603 1501 1719 1523 mune·

1017 1540 1107 1571 ribus
1133 1539 1392 1572 condonarunt.'
1436 1540 1524 1572 Inde
1550 1541 1718 1581 Catullus,

1014 1590 1024 1608 ‘
1040 1590 1193 1621 Advenit
1218 1590 1355 1627 Chiron,
1377 1596 1515 1630 portans
1540 1591 1720 1631 sylvestria

1017 1639 1128 1670 dona.’
1151 1640 1217 1670 Et:
1236 1640 1245 1656 ‘
1259 1638 1447 1670 Confestim
1460 1641 1593 1671 Peneos
1606 1640 1719 1679 adest,

1017 1689 1197 1720 viridantia
1212 1689 1355 1729 Tempe,
1370 1689 1500 1729 Tempe
1516 1699 1591 1730 quae
1613 1689 1717 1729 sylvae

1017 1739 1158 1778 cingunt
1171 1738 1525 1778 superimpendentes,
1535 1739 1718 1779 Munyasin

1017 1788 1174 1828 linquens
1208 1787 1308 1818 Doris
1340 1787 1546 1818 celebranda
1575 1787 1720 1827 choreis,

1019 1835 1177 1866 Cranona
1193 1835 1447 1876 Erisonamque,
1461 1836 1542 1866 tulit
1558 1836 1719 1867 radicitus

1020 1885 1107 1916 altas
1123 1885 1248 1925 Fagos,
1260 1894 1299 1915 ac
1313 1890 1409 1916 recto
1424 1894 1582 1925 proceras
1598 1886 1718 1927 stipite

1020 1934 1145 1974 laurus,
1161 1934 1240 1965 Non
1261 1934 1333 1965 sine
1348 1935 1484 1965 nutanti
1501 1936 1649 1975 platano,
1660 1935 1720 1967 fle-

1022 1989 1122 2024 taque
1138 1993 1253 2015 sorore
1268 1983 1449 2014 Flammati
1465 1983 1666 2016 Phaetontis
1682 1990 1720 2017 et

1021 2033 1115 2064 aeria
1130 2032 1318 2074 cupressu.'
1347 2034 1393 2064 Et
1409 2034 1509 2073 paulo
1528 2039 1624 2074 posta
1641 2033 1721 2066 ‘ln-

1021 2083 1065 2113 de
1083 2088 1182 2123 pater
1197 2082 1319 2113 Divum
1336 2088 1455 2112 sancta
1477 2091 1553 2113 cum
1576 2083 1721 2124 conjuge

1020 2131 1722 2172 natisqueAdvenitcoelo‚tesolum,Phoe-

1020 2181 1076 2221 be,
1100 2181 1304 2223 relinquenS,
1337 2181 1595 2223 Unigenamque
1623 2183 1723 2215 simul

1023 2231 1202 2262 cultricem
1214 2230 1381 2262 montibus
1392 2230 1509 2271 hydri3
1525 2231 1630 2263 Pelea
1642 2242 1720 2264 nam

1024 2285 1138 2312 tecum
1165 2280 1293 2320 pariter
1321 2290 1416 2312 soror
1438 2285 1620 2321 aspernata
1646 2280 1721 2312 est.'

1024 2330 1093 2361 Ubi
1117 2330 1220 2361 miror
1241 2330 1331 2371 quod
1357 2329 1406 2361 ait
1433 2330 1601 2368 Catullus,
1623 2331 1722 2362 Phoe-

1023 2379 1102 2411 bum
1118 2384 1153 2411 et
1170 2379 1313 2411 Dianam
1338 2379 1466 2419 nuptiis
1493 2388 1558 2410 non
1583 2379 1723 2411 interfu-

1022 2431 1115 2463 isse:
1150 2440 1227 2462 nam
1256 2429 1423 2461 Phoebum
1450 2430 1554 2461 etiam
1583 2430 1722 2462 affuisse

1023 2481 1194 2513 Homerus
1224 2480 1353 2519 scribit,
1382 2478 1472 2519 apud
1503 2489 1604 2520 quem
1634 2481 1721 2512 The-

1023 2531 1068 2563 tis
1091 2531 1140 2562 ait
1162 2529 1333 2571 Apollini:
1359 2522 1478 2560 Πάντες
1493 2529 1519 2559 δ’
1545 2528 1723 2569 ἀντιάασθε,

1024 2581 1099 2621 θεοὶ,
1114 2579 1228 2621 Ὑάμου,
1243 2580 1276 2611 ἐν
1294 2579 1327 2612 δὲ
1347 2579 1387 2611 σὺ
1410 2581 1494 2611 τοῖσι
1507 2579 1623 2616 Aatuv‘,
1639 2580 1722 2620 ἔχων

1025 2631 1194 2673 φόρμιγγα,
1229 2630 1331 2661 κακῶν
1366 2627 1460 2669 ἕταρ’,
1497 2628 1563 2660 αἰὲν
1595 2629 1721 2662 ἄπιστε.

1025 2688 1034 2702 ⁶
1048 2683 1175 2715 Omnes
1195 2686 1308 2713 autem
1330 2680 1534 2712 interfuistis
1556 2682 1612 2712 Dii
1639 2692 1723 2724 nup-

1027 2733 1096 2770 tiis,
1113 2733 1271 2773 interque
1292 2735 1329 2763 tu
1352 2731 1410 2762 hos
1424 2731 1642 2772 Epulabaris,
1664 2733 1722 2764 ha·

1027 2783 1109 2815 bens
1132 2783 1307 2821 citharam,
1338 2790 1358 2812 ο
1390 2780 1554 2812 malorum
1584 2782 1722 2823 sodalis,

1025 2841 1161 2873 semper
1176 2829 1327 2871 perfide!

1069 2887 1089 2901 w
1113 2882 1163 2913 Ad
1178 2879 1296 2921 regem]
1321 2879 1593 2917 Neoptolemum.
