<?xml version="1.0" encoding="UTF-8"?>
<!DOCTYPE html PUBLIC "-//W3C//DTD XHTML 1.0 Transitional//EN"
    "http://www.w3.org/TR/xhtml1/DTD/xhtml1-transitional.dtd">
<html xmlns="http://www.w3.org/1999/xhtml" xml:lang="en" lang="en">
 <head>
  <title>
</title>
<meta http-equiv="Content-Type" content="text/html;charset=utf-8" />
  <meta name='ocr-system' content='tesseract 3.04.00' />
  <meta name='ocr-capabilities' content='ocr_page ocr_carea ocr_par ocr_line ocrx_word'/>
</head>
<body>
  <div class='ocr_page' id='page_1' title='image "./dictyscretensise01dictuoft_0285.png"; bbox 0 0 1915 3231; ppageno 0'>
   <div class='ocr_carea' id='block_1_1' title="bbox 515 364 1593 406">
    <p class='ocr_par' dir='ltr' id='par_1_1' title="bbox 515 364 1593 406">
     <span class='ocr_line' id='line_1_1' title="bbox 515 364 1593 406; baseline -0.004 0"><span class='ocrx_word' id='word_1_1' title='bbox 515 377 578 406; x_wconf 81' lang='lat' dir='ltr'>DE</span> <span class='ocrx_word' id='word_1_2' title='bbox 613 376 769 406; x_wconf 69' lang='lat' dir='ltr'>BELLo</span> <span class='ocrx_word' id='word_1_3' title='bbox 802 374 1028 406; x_wconf 69' lang='lat' dir='ltr'>TJzOJANo</span> <span class='ocrx_word' id='word_1_4' title='bbox 1063 373 1157 404; x_wconf 73' lang='lat' dir='ltr'><strong><em>[AB.</em></strong></span> <span class='ocrx_word' id='word_1_5' title='bbox 1190 374 1257 403; x_wconf 83' lang='lat' dir='ltr'>VI.</span> <span class='ocrx_word' id='word_1_6' title='bbox 1508 364 1593 404; x_wconf 67' lang='lat'>‘277</span> 
     </span>
    </p>
   </div>
   <div class='ocr_carea' id='block_1_2' title="bbox 141 467 1598 1261">
    <p class='ocr_par' dir='ltr' id='par_1_2' title="bbox 141 467 1598 1261">
     <span class='ocr_line' id='line_1_2' title="bbox 144 467 1594 519; baseline -0.006 -5"><span class='ocrx_word' id='word_1_7' title='bbox 144 471 410 514; x_wconf 81' lang='lat' dir='ltr'><strong>Telemacho</strong></span> <span class='ocrx_word' id='word_1_8' title='bbox 450 484 509 512; x_wconf 83' lang='lat' dir='ltr'>ex</span> <span class='ocrx_word' id='word_1_9' title='bbox 544 471 748 514; x_wconf 90' lang='lat' dir='ltr'>Nausica</span> <span class='ocrx_word' id='word_1_10' title='bbox 782 474 934 511; x_wconf 85' lang='lat' dir='ltr'>natum</span> <span class='ocrx_word' id='word_1_11' title='bbox 969 468 1105 508; x_wconf 90' lang='lat' dir='ltr'>filium</span> <span class='ocrx_word' id='word_1_12' title='bbox 1137 467 1328 519; x_wconf 86' lang='lat' dir='ltr'>Ulysses</span> <span class='ocrx_word' id='word_1_13' title='bbox 1365 467 1594 519; x_wconf 88' lang='lat' dir='ltr'>Ptolipor-</span> 
     </span>
     <span class='ocr_line' id='line_1_3' title="bbox 144 534 1595 591; baseline -0.006 -11"><span class='ocrx_word' id='word_1_14' title='bbox 144 539 297 580; x_wconf 89' lang='lat' dir='ltr'>thum⁰</span> <span class='ocrx_word' id='word_1_15' title='bbox 333 538 548 591; x_wconf 85' lang='lat' dir='ltr'>appellat.</span> <span class='ocrx_word' id='word_1_16' title='bbox 606 537 685 591; x_wconf 83' lang='lat'>[7.]</span> <span class='ocrx_word' id='word_1_17' title='bbox 716 538 836 578; x_wconf 90' lang='lat' dir='ltr'>Dum</span> <span class='ocrx_word' id='word_1_18' title='bbox 867 535 965 576; x_wconf 87' lang='lat' dir='ltr'>haec</span> <span class='ocrx_word' id='word_1_19' title='bbox 997 534 1118 588; x_wconf 86' lang='lat' dir='ltr'>apud</span> <span class='ocrx_word' id='word_1_20' title='bbox 1156 534 1356 574; x_wconf 83' lang='lat' dir='ltr'>Ithacam</span> <span class='ocrx_word' id='word_1_21' title='bbox 1394 538 1595 586; x_wconf 85' lang='lat' dir='ltr'>aguntur,</span> 
     </span>
     <span class='ocr_line' id='line_1_4' title="bbox 146 602 1596 658; baseline -0.005 -12"><span class='ocrx_word' id='word_1_22' title='bbox 146 606 470 658; x_wconf 84' lang='lat' dir='ltr'>Neoptolemus</span> <span class='ocrx_word' id='word_1_23' title='bbox 501 604 622 658; x_wconf 90' lang='lat' dir='ltr'>apud</span> <span class='ocrx_word' id='word_1_24' title='bbox 653 603 915 645; x_wconf 83' lang='lat' dir='ltr'>Molossosp</span> <span class='ocrx_word' id='word_1_25' title='bbox 945 615 1081 643; x_wconf 83' lang='lat' dir='ltr'>naves</span> <span class='ocrx_word' id='word_1_26' title='bbox 1102 604 1337 655; x_wconf 87' lang='lat' dir='ltr'>quassatas</span> <span class='ocrx_word' id='word_1_27' title='bbox 1358 602 1596 652; x_wconf 86' lang='lat' dir='ltr'>tempesta-</span> 
     </span>
     <span class='ocr_line' id='line_1_5' title="bbox 143 665 1595 725; baseline -0.006 -11"><span class='ocrx_word' id='word_1_28' title='bbox 143 673 261 713; x_wconf 91' lang='lat' dir='ltr'>tibus</span> <span class='ocrx_word' id='word_1_29' title='bbox 294 672 454 713; x_wconf 80' lang='lat' dir='ltr'>reficit:</span> <span class='ocrx_word' id='word_1_30' title='bbox 485 676 618 725; x_wconf 86' lang='lat' dir='ltr'>atque</span> <span class='ocrx_word' id='word_1_31' title='bbox 652 670 754 711; x_wconf 92' lang='lat' dir='ltr'>inde</span> <span class='ocrx_word' id='word_1_32' title='bbox 785 673 1020 723; x_wconf 85' lang='lat' dir='ltr'>postquam</span> <span class='ocrx_word' id='word_1_33' title='bbox 1050 667 1272 720; x_wconf 87' lang='lat' dir='ltr'>cognitum</span> <span class='ocrx_word' id='word_1_34' title='bbox 1307 667 1364 707; x_wconf 88' lang='lat' dir='ltr'>ab</span> <span class='ocrx_word' id='word_1_35' title='bbox 1391 665 1595 707; x_wconf 67' lang='lat' dir='ltr'>Acastoq</span> 
     </span>
     <span class='ocr_line' id='line_1_6' title="bbox 142 733 1595 792; baseline -0.006 -12"><span class='ocrx_word' id='word_1_36' title='bbox 142 739 374 792; x_wconf 85' lang='lat' dir='ltr'>expulsum</span> <span class='ocrx_word' id='word_1_37' title='bbox 407 751 539 791; x_wconf 88' lang='lat' dir='ltr'>regno</span> <span class='ocrx_word' id='word_1_38' title='bbox 580 738 730 787; x_wconf 89' lang='lat' dir='ltr'>Pelea,</span> <span class='ocrx_word' id='word_1_39' title='bbox 765 736 907 777; x_wconf 91' lang='lat' dir='ltr'>ultum</span> <span class='ocrx_word' id='word_1_40' title='bbox 945 736 1034 776; x_wconf 89' lang='lat' dir='ltr'>ire⁷</span> <span class='ocrx_word' id='word_1_41' title='bbox 1065 733 1247 788; x_wconf 85' lang='lat' dir='ltr'>injurias</span> <span class='ocrx_word' id='word_1_42' title='bbox 1284 734 1358 775; x_wconf 84' lang='lat' dir='ltr'>avi</span> <span class='ocrx_word' id='word_1_43' title='bbox 1395 733 1595 786; x_wconf 87' lang='lat' dir='ltr'>cupiens,</span> 
     </span>
     <span class='ocr_line' id='line_1_7' title="bbox 143 800 1597 860; baseline -0.005 -13"><span class='ocrx_word' id='word_1_44' title='bbox 143 807 284 860; x_wconf 90' lang='lat' dir='ltr'>primo</span> <span class='ocrx_word' id='word_1_45' title='bbox 324 806 605 859; x_wconf 83' lang='lat' dir='ltr'>exploratum</span> <span class='ocrx_word' id='word_1_46' title='bbox 644 804 758 845; x_wconf 90' lang='lat' dir='ltr'>duos</span> <span class='ocrx_word' id='word_1_47' title='bbox 796 815 931 857; x_wconf 90' lang='lat' dir='ltr'>quam</span> <span class='ocrx_word' id='word_1_48' title='bbox 969 802 1223 851; x_wconf 86' lang='lat' dir='ltr'>fidissimos,</span> <span class='ocrx_word' id='word_1_49' title='bbox 1271 806 1316 842; x_wconf 92' lang='lat' dir='ltr'>et</span> <span class='ocrx_word' id='word_1_50' title='bbox 1349 800 1597 853; x_wconf 87' lang='lat' dir='ltr'>incognitos</span> 
     </span>
     <span class='ocr_line' id='line_1_8' title="bbox 141 868 1594 926; baseline -0.005 -12"><span class='ocrx_word' id='word_1_51' title='bbox 141 874 228 914; x_wconf 92' lang='lat' dir='ltr'>illis</span> <span class='ocrx_word' id='word_1_52' title='bbox 260 873 386 922; x_wconf 79' lang='lat' dir='ltr'>locis,</span> <span class='ocrx_word' id='word_1_53' title='bbox 426 871 724 926; x_wconf 87' lang='lat' dir='ltr'>Chrysippum</span> <span class='ocrx_word' id='word_1_54' title='bbox 761 875 807 911; x_wconf 91' lang='lat' dir='ltr'>et</span> <span class='ocrx_word' id='word_1_55' title='bbox 846 869 1076 919; x_wconf 77' lang='lat' dir='ltr'>Aratum,⁸</span> <span class='ocrx_word' id='word_1_56' title='bbox 1119 868 1396 909; x_wconf 83' lang='lat' dir='ltr'>Thessaliam</span> <span class='ocrx_word' id='word_1_57' title='bbox 1436 868 1594 908; x_wconf 87' lang='lat' dir='ltr'>mittit:</span> 
     </span>
     <span class='ocr_line' id='line_1_9' title="bbox 142 935 1597 993; baseline -0.004 -13"><span class='ocrx_word' id='word_1_58' title='bbox 142 941 275 993; x_wconf 88' lang='lat' dir='ltr'>hique</span> <span class='ocrx_word' id='word_1_59' title='bbox 296 942 458 980; x_wconf 90' lang='lat' dir='ltr'>cuncta</span> <span class='ocrx_word' id='word_1_60' title='bbox 489 951 592 992; x_wconf 85' lang='lat' dir='ltr'>quae</span> <span class='ocrx_word' id='word_1_61' title='bbox 627 938 905 990; x_wconf 84' lang='lat' dir='ltr'>gerebantur,</span> <span class='ocrx_word' id='word_1_62' title='bbox 937 936 1211 988; x_wconf 88' lang='lat' dir='ltr'>insidiasque</span> <span class='ocrx_word' id='word_1_63' title='bbox 1244 935 1287 976; x_wconf 87' lang='lat' dir='ltr'>ei</span> <span class='ocrx_word' id='word_1_64' title='bbox 1306 938 1485 988; x_wconf 86' lang='lat' dir='ltr'>paratas</span> <span class='ocrx_word' id='word_1_65' title='bbox 1517 947 1597 988; x_wconf 89' lang='lat' dir='ltr'>per</span> 
     </span>
     <span class='ocr_line' id='line_1_10' title="bbox 141 1001 1596 1056; baseline -0.005 -8"><span class='ocrx_word' id='word_1_66' title='bbox 141 1006 372 1056; x_wconf 85' lang='lat' dir='ltr'>Acastum,</span> <span class='ocrx_word' id='word_1_67' title='bbox 406 1007 462 1047; x_wconf 86' lang='lat' dir='ltr'>ab</span> <span class='ocrx_word' id='word_1_68' title='bbox 491 1004 718 1046; x_wconf 90' lang='lat' dir='ltr'>Assandro</span> <span class='ocrx_word' id='word_1_69' title='bbox 751 1017 836 1045; x_wconf 92' lang='lat' dir='ltr'>non</span> <span class='ocrx_word' id='word_1_70' title='bbox 869 1003 1011 1044; x_wconf 88' lang='lat' dir='ltr'>alieno</span> <span class='ocrx_word' id='word_1_71' title='bbox 1046 1003 1169 1044; x_wconf 88' lang='lat' dir='ltr'>Pelei</span> <span class='ocrx_word' id='word_1_72' title='bbox 1203 1004 1486 1054; x_wconf 85' lang='lat' dir='ltr'>cognoscunt.</span> <span class='ocrx_word' id='word_1_73' title='bbox 1547 1001 1596 1041; x_wconf 94' lang='lat' dir='ltr'>Is</span> 
     </span>
     <span class='ocr_line' id='line_1_11' title="bbox 142 1068 1598 1127; baseline -0.004 -13"><span class='ocrx_word' id='word_1_74' title='bbox 142 1086 334 1127; x_wconf 87' lang='lat' dir='ltr'>namque</span> <span class='ocrx_word' id='word_1_75' title='bbox 346 1071 614 1122; x_wconf 87' lang='lat' dir='ltr'>Assandrus,</span> <span class='ocrx_word' id='word_1_76' title='bbox 627 1072 906 1124; x_wconf 87' lang='lat' dir='ltr'>iniquitatem</span> <span class='ocrx_word' id='word_1_77' title='bbox 922 1070 1093 1124; x_wconf 86' lang='lat' dir='ltr'>tyranni</span> <span class='ocrx_word' id='word_1_78' title='bbox 1107 1075 1120 1091; x_wconf 57' lang='grc' dir='ltr'><strong>Γ</strong></span> <span class='ocrx_word' id='word_1_79' title='bbox 1141 1070 1327 1118; x_wconf 84' lang='lat' dir='ltr'>evitans,</span> <span class='ocrx_word' id='word_1_80' title='bbox 1340 1068 1478 1109; x_wconf 86' lang='lat' dir='ltr'>Peleo</span> <span class='ocrx_word' id='word_1_81' title='bbox 1493 1081 1598 1109; x_wconf 90' lang='lat' dir='ltr'>con-</span> 
     </span>
     <span class='ocr_line' id='line_1_12' title="bbox 146 1136 1598 1192; baseline -0.005 -11"><span class='ocrx_word' id='word_1_82' title='bbox 146 1143 370 1181; x_wconf 87' lang='lat' dir='ltr'>senserat:</span> <span class='ocrx_word' id='word_1_83' title='bbox 416 1144 633 1192; x_wconf 86' lang='lat' dir='ltr'>notusque</span> <span class='ocrx_word' id='word_1_84' title='bbox 673 1138 785 1179; x_wconf 87' lang='lat' dir='ltr'>adeo</span> <span class='ocrx_word' id='word_1_85' title='bbox 823 1137 918 1191; x_wconf 87' lang='lat' dir='ltr'>ejus</span> <span class='ocrx_word' id='word_1_86' title='bbox 958 1137 1149 1185; x_wconf 79' lang='lat' dir='ltr'>domus,S</span> <span class='ocrx_word' id='word_1_87' title='bbox 1192 1136 1257 1177; x_wconf 91' lang='lat' dir='ltr'>uti</span> <span class='ocrx_word' id='word_1_88' title='bbox 1294 1136 1408 1176; x_wconf 88' lang='lat' dir='ltr'>inter</span> <span class='ocrx_word' id='word_1_89' title='bbox 1448 1139 1598 1175; x_wconf 86' lang='lat' dir='ltr'>cetera</span> 
     </span>
     <span class='ocr_line' id='line_1_13' title="bbox 143 1202 1596 1261; baseline -0.003 -14"><span class='ocrx_word' id='word_1_90' title='bbox 143 1207 349 1260; x_wconf 86' lang='lat' dir='ltr'>originem</span> <span class='ocrx_word' id='word_1_91' title='bbox 385 1207 517 1247; x_wconf 88' lang='lat' dir='ltr'>etiam</span> <span class='ocrx_word' id='word_1_92' title='bbox 554 1206 811 1261; x_wconf 85' lang='lat' dir='ltr'>nuptiarum</span> <span class='ocrx_word' id='word_1_93' title='bbox 847 1205 971 1246; x_wconf 81' lang='lat' dir='ltr'>Pelei</span> <span class='ocrx_word' id='word_1_94' title='bbox 1006 1217 1103 1245; x_wconf 90' lang='lat' dir='ltr'>cum</span> <span class='ocrx_word' id='word_1_95' title='bbox 1136 1203 1352 1252; x_wconf 82' lang='lat' dir='ltr'>Thetide,t</span> <span class='ocrx_word' id='word_1_96' title='bbox 1392 1202 1596 1244; x_wconf 89' lang='lat' dir='ltr'>Chironis</span> 
     </span>
    </p>
   </div>
   <div class='ocr_carea' id='block_1_3' title="bbox 750 1334 988 1347">
    <p class='ocr_par' dir='ltr' id='par_1_3' title="bbox 750 1334 988 1347">
     <span class='ocr_line' id='line_1_14' title="bbox 750 1334 988 1347; baseline 0 -1"><span class='ocrx_word' id='word_1_97' title='bbox 750 1334 988 1347; x_wconf 68' lang='lat' dir='ltr'>eeeeeeeeeeee</span> 
     </span>
    </p>
   </div>
   <div class='ocr_carea' id='block_1_4' title="bbox 187 1419 826 1460">
    <p class='ocr_par' dir='ltr' id='par_1_4' title="bbox 187 1419 826 1460">
     <span class='ocr_line' id='line_1_15' title="bbox 187 1419 826 1460; baseline 0.002 -10"><span class='ocrx_word' id='word_1_98' title='bbox 187 1423 205 1450; x_wconf 88' lang='grc'>7</span> <span class='ocrx_word' id='word_1_99' title='bbox 231 1419 354 1460; x_wconf 88' lang='lat' dir='ltr'>Delph.</span> <span class='ocrx_word' id='word_1_100' title='bbox 370 1419 490 1450; x_wconf 54' lang='lat' dir='ltr'>inl—8</span> <span class='ocrx_word' id='word_1_101' title='bbox 513 1419 639 1460; x_wconf 86' lang='lat' dir='ltr'>Delph.</span> <span class='ocrx_word' id='word_1_102' title='bbox 659 1420 826 1452; x_wconf 83' lang='lat' dir='ltr'>Arathum.</span> 
     </span>
    </p>
   </div>
   <div class='ocr_carea' id='block_1_5' title="bbox 798 1558 940 1590">
    <p class='ocr_par' dir='ltr' id='par_1_5' title="bbox 798 1558 940 1590">
     <span class='ocr_line' id='line_1_16' title="bbox 798 1558 940 1590; baseline -0.007 0"><span class='ocrx_word' id='word_1_103' title='bbox 798 1558 940 1590; x_wconf 83' lang='lat' dir='ltr'><strong>NOTAE</strong></span> 
     </span>
    </p>
   </div>
   <div class='ocr_carea' id='block_1_6' title="bbox 142 1631 841 1772">
    <p class='ocr_par' dir='ltr' id='par_1_6' title="bbox 142 1631 841 1772">
     <span class='ocr_line' id='line_1_17' title="bbox 185 1631 841 1672; baseline 0 -10"><span class='ocrx_word' id='word_1_104' title='bbox 185 1637 200 1652; x_wconf 81' lang='lat'><strong>0</strong></span> <span class='ocrx_word' id='word_1_105' title='bbox 226 1632 467 1672; x_wconf 79' lang='lat' dir='ltr'>Ptoliporthum]</span> <span class='ocrx_word' id='word_1_106' title='bbox 482 1632 548 1664; x_wconf 84' lang='lat' dir='ltr'>Qui</span> <span class='ocrx_word' id='word_1_107' title='bbox 563 1631 730 1671; x_wconf 83' lang='lat' dir='ltr'>Hesiodo,</span> <span class='ocrx_word' id='word_1_108' title='bbox 748 1631 841 1662; x_wconf 87' lang='lat' dir='ltr'>Aris-</span> 
     </span>
     <span class='ocr_line' id='line_1_18' title="bbox 143 1681 839 1722; baseline -0.001 -10"><span class='ocrx_word' id='word_1_109' title='bbox 143 1682 253 1717; x_wconf 86' lang='lat' dir='ltr'>toteli,</span> <span class='ocrx_word' id='word_1_110' title='bbox 274 1687 309 1713; x_wconf 85' lang='lat' dir='ltr'>et</span> <span class='ocrx_word' id='word_1_111' title='bbox 326 1682 505 1713; x_wconf 88' lang='lat' dir='ltr'>Eustathio</span> <span class='ocrx_word' id='word_1_112' title='bbox 527 1682 724 1722; x_wconf 81' lang='lat' dir='ltr'>Persepolis.-</span> <span class='ocrx_word' id='word_1_113' title='bbox 750 1681 839 1721; x_wconf 88' lang='lat' dir='ltr'>quod</span> 
     </span>
     <span class='ocr_line' id='line_1_19' title="bbox 142 1730 840 1772; baseline 0 -11"><span class='ocrx_word' id='word_1_114' title='bbox 142 1731 230 1761; x_wconf 88' lang='lat' dir='ltr'>idem</span> <span class='ocrx_word' id='word_1_115' title='bbox 244 1736 315 1770; x_wconf 81' lang='lat' dir='ltr'>est3</span> <span class='ocrx_word' id='word_1_116' title='bbox 333 1737 511 1772; x_wconf 86' lang='lat' dir='ltr'>utrumque</span> <span class='ocrx_word' id='word_1_117' title='bbox 524 1731 613 1761; x_wconf 89' lang='lat' dir='ltr'>enim</span> <span class='ocrx_word' id='word_1_118' title='bbox 626 1731 747 1762; x_wconf 87' lang='lat' dir='ltr'>Latine</span> <span class='ocrx_word' id='word_1_119' title='bbox 762 1730 772 1747; x_wconf 90' lang='lat'>‘</span> <span class='ocrx_word' id='word_1_120' title='bbox 787 1740 840 1761; x_wconf 89' lang='lat' dir='ltr'>ur-</span> 
     </span>
    </p>
   </div>
   <div class='ocr_carea' id='block_1_7' title="bbox 894 1628 1599 1771">
    <p class='ocr_par' dir='ltr' id='par_1_7' title="bbox 894 1628 1599 1771">
     <span class='ocr_line' id='line_1_20' title="bbox 895 1628 1597 1671; baseline -0.004 -9"><span class='ocrx_word' id='word_1_121' title='bbox 895 1630 1049 1671; x_wconf 85' lang='grc' dir='ltr'>ἐρχομένη</span> <span class='ocrx_word' id='word_1_122' title='bbox 1062 1630 1133 1667; x_wconf 81' lang='grc' dir='ltr'>νηῦς</span> <span class='ocrx_word' id='word_1_123' title='bbox 1144 1630 1275 1669; x_wconf 78' lang='grc' dir='ltr'>Ἀνδρῶν</span> <span class='ocrx_word' id='word_1_124' title='bbox 1281 1632 1410 1667; x_wconf 85' lang='grc' dir='ltr'>Θεσπρω</span> <span class='ocrx_word' id='word_1_125' title='bbox 1416 1628 1472 1658; x_wconf 76' lang='grc' dir='ltr'>τῶν</span> <span class='ocrx_word' id='word_1_126' title='bbox 1480 1629 1510 1659; x_wconf 82' lang='grc' dir='ltr'>ἐς</span> <span class='ocrx_word' id='word_1_127' title='bbox 1519 1633 1597 1659; x_wconf 82' lang='grc' dir='ltr'><strong>Δου-</strong></span> 
     </span>
     <span class='ocr_line' id='line_1_21' title="bbox 894 1677 1598 1719; baseline -0.006 -8"><span class='ocrx_word' id='word_1_128' title='bbox 894 1679 1193 1719; x_wconf 78' lang='grc' dir='ltr'>λίχιυνπολύπυρον.</span> <span class='ocrx_word' id='word_1_129' title='bbox 1211 1679 1286 1709; x_wconf 79' lang='grc' dir='ltr'>Ἔνθ’</span> <span class='ocrx_word' id='word_1_130' title='bbox 1296 1678 1351 1716; x_wconf 73' lang='grc' dir='ltr'>ὅγε</span> <span class='ocrx_word' id='word_1_131' title='bbox 1361 1679 1391 1716; x_wconf 80' lang='grc' dir='ltr'>μ’</span> <span class='ocrx_word' id='word_1_132' title='bbox 1404 1677 1513 1716; x_wconf 69' lang='grc' dir='ltr'>ἠνώγει</span> <span class='ocrx_word' id='word_1_133' title='bbox 1522 1678 1598 1716; x_wconf 87' lang='grc' dir='ltr'>πέμ-</span> 
     </span>
     <span class='ocr_line' id='line_1_22' title="bbox 895 1726 1599 1771; baseline -0.004 -10"><span class='ocrx_word' id='word_1_134' title='bbox 895 1733 949 1771; x_wconf 80' lang='grc' dir='ltr'>ψαι</span> <span class='ocrx_word' id='word_1_135' title='bbox 971 1731 1103 1767; x_wconf 80' lang='grc' dir='ltr'>βασιλῆϊ</span> <span class='ocrx_word' id='word_1_136' title='bbox 1120 1728 1263 1768; x_wconf 82' lang='grc' dir='ltr'>Ἀκάστῳ</span> <span class='ocrx_word' id='word_1_137' title='bbox 1283 1726 1459 1759; x_wconf 83' lang='grc' dir='ltr'>Ἐνδυκέως.</span> <span class='ocrx_word' id='word_1_138' title='bbox 1494 1729 1503 1745; x_wconf 89' lang='lat'>‘</span> <span class='ocrx_word' id='word_1_139' title='bbox 1516 1728 1599 1758; x_wconf 91' lang='lat' dir='ltr'>Con-</span> 
     </span>
    </p>
   </div>
   <div class='ocr_carea' id='block_1_8' title="bbox 139 1779 844 2962">
    <p class='ocr_par' dir='ltr' id='par_1_8' title="bbox 142 1779 620 1819">
     <span class='ocr_line' id='line_1_23' title="bbox 142 1779 620 1819; baseline 0 -9"><span class='ocrx_word' id='word_1_140' title='bbox 142 1779 232 1810; x_wconf 85' lang='lat' dir='ltr'>bium</span> <span class='ocrx_word' id='word_1_141' title='bbox 249 1785 405 1811; x_wconf 86' lang='lat' dir='ltr'>vastator</span> <span class='ocrx_word' id='word_1_142' title='bbox 416 1779 425 1792; x_wconf 83' lang='lat'><em>&#39;</em></span> <span class='ocrx_word' id='word_1_143' title='bbox 440 1779 620 1819; x_wconf 80' lang='lat' dir='ltr'>significat.</span> 
     </span>
    </p>

    <p class='ocr_par' dir='ltr' id='par_1_9' title="bbox 139 1828 844 2807">
     <span class='ocr_line' id='line_1_24' title="bbox 177 1828 842 1870; baseline -0.002 -10"><span class='ocrx_word' id='word_1_144' title='bbox 177 1830 289 1870; x_wconf 61' lang='lat' dir='ltr'>”Apud</span> <span class='ocrx_word' id='word_1_145' title='bbox 298 1828 465 1869; x_wconf 85' lang='lat' dir='ltr'>Molossos]</span> <span class='ocrx_word' id='word_1_146' title='bbox 477 1829 626 1870; x_wconf 88' lang='lat' dir='ltr'>Populos</span> <span class='ocrx_word' id='word_1_147' title='bbox 636 1828 746 1869; x_wconf 87' lang='lat' dir='ltr'>Epiri.</span> <span class='ocrx_word' id='word_1_148' title='bbox 762 1829 842 1869; x_wconf 90' lang='lat' dir='ltr'>Epi-</span> 
     </span>
     <span class='ocr_line' id='line_1_25' title="bbox 142 1880 842 1920; baseline 0.001 -11"><span class='ocrx_word' id='word_1_149' title='bbox 142 1889 213 1910; x_wconf 98' lang='lat' dir='ltr'>rum</span> <span class='ocrx_word' id='word_1_150' title='bbox 238 1884 351 1911; x_wconf 90' lang='lat' dir='ltr'>autem</span> <span class='ocrx_word' id='word_1_151' title='bbox 374 1880 547 1920; x_wconf 86' lang='lat' dir='ltr'>appulisse</span> <span class='ocrx_word' id='word_1_152' title='bbox 577 1880 842 1919; x_wconf 85' lang='lat' dir='ltr'>Neoptolemum</span> 
     </span>
     <span class='ocr_line' id='line_1_26' title="bbox 141 1929 842 1968; baseline 0.001 -8"><span class='ocrx_word' id='word_1_153' title='bbox 141 1930 239 1960; x_wconf 86' lang='lat' dir='ltr'>multi</span> <span class='ocrx_word' id='word_1_154' title='bbox 252 1930 482 1961; x_wconf 84' lang='lat' dir='ltr'>consentiunt.</span> <span class='ocrx_word' id='word_1_155' title='bbox 506 1930 561 1960; x_wconf 84' lang='lat' dir='ltr'>Ita</span> <span class='ocrx_word' id='word_1_156' title='bbox 576 1929 758 1968; x_wconf 86' lang='lat' dir='ltr'>Pindarus,</span> <span class='ocrx_word' id='word_1_157' title='bbox 776 1929 842 1961; x_wconf 82' lang='lat' dir='ltr'>Od.</span> 
     </span>
     <span class='ocr_line' id='line_1_27' title="bbox 143 1980 842 2019; baseline 0 -8"><span class='ocrx_word' id='word_1_158' title='bbox 143 1989 207 2011; x_wconf 84' lang='lat' dir='ltr'>vu.</span> <span class='ocrx_word' id='word_1_159' title='bbox 233 1981 452 2019; x_wconf 85' lang='lat' dir='ltr'>Nemeorum,</span> <span class='ocrx_word' id='word_1_160' title='bbox 478 1981 627 2011; x_wconf 82' lang='lat' dir='ltr'>Pausan.</span> <span class='ocrx_word' id='word_1_161' title='bbox 648 1981 682 2011; x_wconf 93' lang='lat' dir='ltr'>in</span> <span class='ocrx_word' id='word_1_162' title='bbox 706 1980 842 2011; x_wconf 83' lang='lat' dir='ltr'>Atticis.</span> 
     </span>
     <span class='ocr_line' id='line_1_28' title="bbox 140 2030 841 2070; baseline -0.001 -7"><span class='ocrx_word' id='word_1_163' title='bbox 140 2031 269 2063; x_wconf 64' lang='lat' dir='ltr'>sustin.</span> <span class='ocrx_word' id='word_1_164' title='bbox 292 2040 385 2062; x_wconf 83' lang='lat' dir='ltr'>xvn.</span> <span class='ocrx_word' id='word_1_165' title='bbox 406 2033 469 2062; x_wconf 74' lang='grc' dir='ltr'>διο.</span> <span class='ocrx_word' id='word_1_166' title='bbox 515 2031 584 2062; x_wconf 86' lang='lat' dir='ltr'>Sed</span> <span class='ocrx_word' id='word_1_167' title='bbox 603 2041 665 2070; x_wconf 87' lang='lat' dir='ltr'>ego</span> <span class='ocrx_word' id='word_1_168' title='bbox 693 2030 748 2061; x_wconf 87' lang='lat' dir='ltr'>hic</span> <span class='ocrx_word' id='word_1_169' title='bbox 765 2031 841 2062; x_wconf 92' lang='grc' dir='ltr'>Μο-</span> 
     </span>
     <span class='ocr_line' id='line_1_29' title="bbox 140 2079 839 2119; baseline 0 -9"><span class='ocrx_word' id='word_1_170' title='bbox 140 2079 246 2111; x_wconf 76' lang='lat' dir='ltr'>lossos</span> <span class='ocrx_word' id='word_1_171' title='bbox 263 2081 344 2111; x_wconf 90' lang='lat' dir='ltr'>alios</span> <span class='ocrx_word' id='word_1_172' title='bbox 361 2079 504 2119; x_wconf 83' lang='lat' dir='ltr'>intelligi</span> <span class='ocrx_word' id='word_1_173' title='bbox 521 2079 659 2119; x_wconf 83' lang='lat' dir='ltr'>debere,</span> <span class='ocrx_word' id='word_1_174' title='bbox 682 2079 839 2111; x_wconf 87' lang='lat' dir='ltr'>arbitror.</span> 
     </span>
     <span class='ocr_line' id='line_1_30' title="bbox 142 2129 842 2170; baseline -0.003 -9"><span class='ocrx_word' id='word_1_175' title='bbox 142 2130 231 2161; x_wconf 90' lang='lat' dir='ltr'>Vide</span> <span class='ocrx_word' id='word_1_176' title='bbox 256 2130 412 2170; x_wconf 87' lang='lat' dir='ltr'>paginam</span> <span class='ocrx_word' id='word_1_177' title='bbox 428 2132 502 2160; x_wconf 85' lang='lat'><strong>279.</strong></span> <span class='ocrx_word' id='word_1_178' title='bbox 526 2129 536 2146; x_wconf 88' lang='lat'>‘</span> <span class='ocrx_word' id='word_1_179' title='bbox 552 2130 782 2169; x_wconf 86' lang='lat' dir='ltr'>appulsusque</span> <span class='ocrx_word' id='word_1_180' title='bbox 799 2129 842 2160; x_wconf 92' lang='lat' dir='ltr'>ad</span> 
     </span>
     <span class='ocr_line' id='line_1_31' title="bbox 141 2177 842 2219; baseline -0.003 -9"><span class='ocrx_word' id='word_1_181' title='bbox 141 2178 328 2219; x_wconf 86' lang='lat' dir='ltr'>Sepiadum</span> <span class='ocrx_word' id='word_1_182' title='bbox 358 2177 478 2210; x_wconf 66' lang='lat' dir='ltr'>littus!</span> <span class='ocrx_word' id='word_1_183' title='bbox 535 2178 744 2218; x_wconf 89' lang='lat' dir='ltr'>Sequentem</span> <span class='ocrx_word' id='word_1_184' title='bbox 783 2188 842 2208; x_wconf 82' lang='lat' dir='ltr'>au-</span> 
     </span>
     <span class='ocr_line' id='line_1_32' title="bbox 143 2227 842 2268; baseline 0 -9"><span class='ocrx_word' id='word_1_185' title='bbox 143 2233 211 2260; x_wconf 90' lang='lat' dir='ltr'>tem</span> <span class='ocrx_word' id='word_1_186' title='bbox 235 2229 424 2267; x_wconf 85' lang='lat' dir='ltr'>historiam,</span> <span class='ocrx_word' id='word_1_187' title='bbox 448 2227 491 2259; x_wconf 89' lang='lat' dir='ltr'>de</span> <span class='ocrx_word' id='word_1_188' title='bbox 519 2227 626 2259; x_wconf 89' lang='lat' dir='ltr'>Peleo</span> <span class='ocrx_word' id='word_1_189' title='bbox 651 2237 712 2268; x_wconf 87' lang='lat' dir='ltr'>per</span> <span class='ocrx_word' id='word_1_190' title='bbox 734 2227 842 2259; x_wconf 90' lang='lat' dir='ltr'>Acas-</span> 
     </span>
     <span class='ocr_line' id='line_1_33' title="bbox 143 2277 841 2319; baseline -0.003 -10"><span class='ocrx_word' id='word_1_191' title='bbox 143 2283 214 2310; x_wconf 84' lang='lat' dir='ltr'>tum</span> <span class='ocrx_word' id='word_1_192' title='bbox 242 2287 347 2319; x_wconf 85' lang='lat' dir='ltr'>regno</span> <span class='ocrx_word' id='word_1_193' title='bbox 371 2288 431 2308; x_wconf 92' lang='lat' dir='ltr'>suo</span> <span class='ocrx_word' id='word_1_194' title='bbox 454 2277 584 2318; x_wconf 83' lang='lat' dir='ltr'>fugato,</span> <span class='ocrx_word' id='word_1_195' title='bbox 608 2287 651 2308; x_wconf 88' lang='lat' dir='ltr'>ex</span> <span class='ocrx_word' id='word_1_196' title='bbox 677 2277 841 2317; x_wconf 85' lang='lat' dir='ltr'>Euripide</span> 
     </span>
     <span class='ocr_line' id='line_1_34' title="bbox 142 2326 841 2368; baseline 0 -10"><span class='ocrx_word' id='word_1_197' title='bbox 142 2333 312 2360; x_wconf 87' lang='lat' dir='ltr'>mutuasse</span> <span class='ocrx_word' id='word_1_198' title='bbox 343 2329 472 2368; x_wconf 84' lang='lat' dir='ltr'>Dictyn</span> <span class='ocrx_word' id='word_1_199' title='bbox 503 2332 600 2367; x_wconf 92' lang='lat' dir='ltr'>puto,</span> <span class='ocrx_word' id='word_1_200' title='bbox 631 2326 688 2367; x_wconf 89' lang='lat' dir='ltr'>qui</span> <span class='ocrx_word' id='word_1_201' title='bbox 717 2327 778 2365; x_wconf 90' lang='lat' dir='ltr'>ait,</span> <span class='ocrx_word' id='word_1_202' title='bbox 808 2327 841 2358; x_wconf 91' lang='lat' dir='ltr'>in</span> 
     </span>
     <span class='ocr_line' id='line_1_35' title="bbox 141 2375 841 2414; baseline -0.001 -6"><span class='ocrx_word' id='word_1_203' title='bbox 141 2378 352 2409; x_wconf 82' lang='lat' dir='ltr'>Troadibus:</span> <span class='ocrx_word' id='word_1_204' title='bbox 369 2376 468 2408; x_wconf 79' lang='grc' dir='ltr'>Αὐτὸς</span> <span class='ocrx_word' id='word_1_205' title='bbox 479 2377 503 2407; x_wconf 88' lang='grc' dir='ltr'>δ’</span> <span class='ocrx_word' id='word_1_206' title='bbox 518 2376 648 2414; x_wconf 78' lang='grc' dir='ltr'>ἀνῆκται</span> <span class='ocrx_word' id='word_1_207' title='bbox 662 2375 841 2407; x_wconf 84' lang='grc' dir='ltr'>Νεοπτόλε-</span> 
     </span>
     <span class='ocr_line' id='line_1_36' title="bbox 139 2426 840 2468; baseline -0.001 -9"><span class='ocrx_word' id='word_1_208' title='bbox 139 2439 209 2468; x_wconf 77' lang='grc' dir='ltr'><strong><em>μος,</em></strong></span> <span class='ocrx_word' id='word_1_209' title='bbox 222 2426 327 2459; x_wconf 81' lang='grc' dir='ltr'>καινάς</span> <span class='ocrx_word' id='word_1_210' title='bbox 340 2439 426 2458; x_wconf 85' lang='grc' dir='ltr'>τινας</span> <span class='ocrx_word' id='word_1_211' title='bbox 437 2426 563 2464; x_wconf 82' lang='grc' dir='ltr'>Πηλέως</span> <span class='ocrx_word' id='word_1_212' title='bbox 575 2426 710 2457; x_wconf 77' lang='grc' dir='ltr'>ἀκούσας</span> <span class='ocrx_word' id='word_1_213' title='bbox 724 2432 840 2467; x_wconf 83' lang='grc' dir='ltr'>συμφο-</span> 
     </span>
     <span class='ocr_line' id='line_1_37' title="bbox 141 2475 840 2518; baseline -0.001 -10"><span class='ocrx_word' id='word_1_214' title='bbox 141 2477 208 2518; x_wconf 76' lang='grc' dir='ltr'>ρὰς,</span> <span class='ocrx_word' id='word_1_215' title='bbox 218 2477 257 2509; x_wconf 76' lang='grc' dir='ltr'>ὥς</span> <span class='ocrx_word' id='word_1_216' title='bbox 271 2489 317 2508; x_wconf 86' lang='grc' dir='ltr'>νιν</span> <span class='ocrx_word' id='word_1_217' title='bbox 329 2475 443 2516; x_wconf 79' lang='grc' dir='ltr'>χθονὸς</span> <span class='ocrx_word' id='word_1_218' title='bbox 453 2476 607 2508; x_wconf 77' lang='grc' dir='ltr'>Ἄκαστος</span> <span class='ocrx_word' id='word_1_219' title='bbox 618 2475 812 2513; x_wconf 85' lang='grc' dir='ltr'>ἐκβέβληκεν</span> <span class='ocrx_word' id='word_1_220' title='bbox 823 2477 840 2507; x_wconf 84' lang='grc' dir='ltr'><strong><em>ὁ</em></strong></span> 
     </span>
     <span class='ocr_line' id='line_1_38' title="bbox 141 2526 839 2568; baseline -0.003 -9"><span class='ocrx_word' id='word_1_221' title='bbox 141 2527 366 2567; x_wconf 49' lang='lat' dir='ltr'>nenton-ravos.</span> <span class='ocrx_word' id='word_1_222' title='bbox 390 2527 486 2568; x_wconf 87' lang='lat' dir='ltr'>‘Ipse</span> <span class='ocrx_word' id='word_1_223' title='bbox 495 2531 607 2557; x_wconf 89' lang='lat' dir='ltr'>autem</span> <span class='ocrx_word' id='word_1_224' title='bbox 625 2526 709 2557; x_wconf 87' lang='lat' dir='ltr'>abiit</span> <span class='ocrx_word' id='word_1_225' title='bbox 723 2527 839 2568; x_wconf 90' lang='lat' dir='ltr'>Neop-</span> 
     </span>
     <span class='ocr_line' id='line_1_39' title="bbox 142 2576 844 2618; baseline -0.001 -9"><span class='ocrx_word' id='word_1_226' title='bbox 142 2579 298 2617; x_wconf 82' lang='lat' dir='ltr'>tolemus,</span> <span class='ocrx_word' id='word_1_227' title='bbox 318 2587 421 2609; x_wconf 88' lang='lat' dir='ltr'>novos</span> <span class='ocrx_word' id='word_1_228' title='bbox 435 2577 597 2618; x_wconf 84' lang='lat' dir='ltr'>quosdam</span> <span class='ocrx_word' id='word_1_229' title='bbox 615 2576 711 2607; x_wconf 89' lang='lat' dir='ltr'>Pelei</span> <span class='ocrx_word' id='word_1_230' title='bbox 725 2576 844 2608; x_wconf 89' lang='lat' dir='ltr'>dicens</span> 
     </span>
     <span class='ocr_line' id='line_1_40' title="bbox 143 2625 843 2667; baseline 0 -10"><span class='ocrx_word' id='word_1_231' title='bbox 143 2636 253 2665; x_wconf 83' lang='lat' dir='ltr'>casus,</span> <span class='ocrx_word' id='word_1_232' title='bbox 279 2626 368 2667; x_wconf 90' lang='lat' dir='ltr'>quod</span> <span class='ocrx_word' id='word_1_233' title='bbox 396 2627 486 2657; x_wconf 87' lang='lat' dir='ltr'>illum</span> <span class='ocrx_word' id='word_1_234' title='bbox 517 2635 536 2656; x_wconf 88' lang='lat' dir='ltr'>e</span> <span class='ocrx_word' id='word_1_235' title='bbox 563 2635 670 2665; x_wconf 89' lang='lat' dir='ltr'>regno</span> <span class='ocrx_word' id='word_1_236' title='bbox 698 2625 843 2657; x_wconf 86' lang='lat' dir='ltr'>Acastus</span> 
     </span>
     <span class='ocr_line' id='line_1_41' title="bbox 143 2674 840 2716; baseline 0 -10"><span class='ocrx_word' id='word_1_237' title='bbox 143 2676 246 2716; x_wconf 83' lang='lat' dir='ltr'>ejecit</span> <span class='ocrx_word' id='word_1_238' title='bbox 262 2676 368 2707; x_wconf 80' lang='lat' dir='ltr'>Peliae</span> <span class='ocrx_word' id='word_1_239' title='bbox 384 2675 494 2706; x_wconf 85' lang='lat' dir='ltr'>filius.’</span> <span class='ocrx_word' id='word_1_240' title='bbox 522 2674 593 2705; x_wconf 77' lang='lat' dir='ltr'>Etsi</span> <span class='ocrx_word' id='word_1_241' title='bbox 610 2675 666 2705; x_wconf 88' lang='lat' dir='ltr'>ille</span> <span class='ocrx_word' id='word_1_242' title='bbox 680 2675 840 2706; x_wconf 85' lang='lat' dir='ltr'>Phthiam</span> 
     </span>
     <span class='ocr_line' id='line_1_42' title="bbox 144 2725 841 2766; baseline -0.003 -9"><span class='ocrx_word' id='word_1_243' title='bbox 144 2726 267 2757; x_wconf 87' lang='lat' dir='ltr'>abiisse</span> <span class='ocrx_word' id='word_1_244' title='bbox 290 2726 384 2757; x_wconf 86' lang='lat' dir='ltr'>illum</span> <span class='ocrx_word' id='word_1_245' title='bbox 402 2726 498 2766; x_wconf 89' lang='lat' dir='ltr'>dicit,</span> <span class='ocrx_word' id='word_1_246' title='bbox 520 2725 648 2756; x_wconf 87' lang='lat' dir='ltr'>Noster</span> <span class='ocrx_word' id='word_1_247' title='bbox 665 2735 744 2756; x_wconf 88' lang='lat' dir='ltr'>vero</span> <span class='ocrx_word' id='word_1_248' title='bbox 762 2726 841 2765; x_wconf 86' lang='lat' dir='ltr'>Epi-</span> 
     </span>
     <span class='ocr_line' id='line_1_43' title="bbox 145 2785 231 2807; baseline 0 0"><span class='ocrx_word' id='word_1_249' title='bbox 145 2785 231 2807; x_wconf 87' lang='lat' dir='ltr'>rum.</span> 
     </span>
    </p>

    <p class='ocr_par' dir='ltr' id='par_1_10' title="bbox 144 2822 843 2962">
     <span class='ocr_line' id='line_1_44' title="bbox 187 2822 843 2863; baseline 0.008 -12"><span class='ocrx_word' id='word_1_250' title='bbox 187 2830 202 2851; x_wconf 75' lang='grc' dir='ltr'>(ι</span> <span class='ocrx_word' id='word_1_251' title='bbox 233 2823 284 2856; x_wconf 79' lang='grc' dir='ltr'>ΑΙ)</span> <span class='ocrx_word' id='word_1_252' title='bbox 312 2822 446 2863; x_wconf 79' lang='lat' dir='ltr'>Acasto]</span> <span class='ocrx_word' id='word_1_253' title='bbox 482 2823 590 2855; x_wconf 86' lang='lat' dir='ltr'>Peliae</span> <span class='ocrx_word' id='word_1_254' title='bbox 620 2823 704 2856; x_wconf 84' lang='lat' dir='ltr'>filio.</span> <span class='ocrx_word' id='word_1_255' title='bbox 750 2825 843 2856; x_wconf 92' lang='lat' dir='ltr'>Puto</span> 
     </span>
     <span class='ocr_line' id='line_1_45' title="bbox 144 2873 841 2915; baseline 0 -9"><span class='ocrx_word' id='word_1_256' title='bbox 144 2875 248 2913; x_wconf 87' lang='lat' dir='ltr'>hunc,</span> <span class='ocrx_word' id='word_1_257' title='bbox 263 2883 304 2904; x_wconf 90' lang='lat' dir='ltr'>ex</span> <span class='ocrx_word' id='word_1_258' title='bbox 318 2873 481 2911; x_wconf 86' lang='lat' dir='ltr'>Homero,</span> <span class='ocrx_word' id='word_1_259' title='bbox 494 2873 652 2904; x_wconf 81' lang='lat' dir='ltr'>Dulichio</span> <span class='ocrx_word' id='word_1_260' title='bbox 670 2883 841 2915; x_wconf 82' lang='lat' dir='ltr'>regnasse.</span> 
     </span>
     <span class='ocr_line' id='line_1_46' title="bbox 146 2922 843 2962; baseline 0 -7"><span class='ocrx_word' id='word_1_261' title='bbox 146 2924 201 2955; x_wconf 87' lang='lat' dir='ltr'>Ita</span> <span class='ocrx_word' id='word_1_262' title='bbox 219 2923 308 2955; x_wconf 87' lang='lat' dir='ltr'>euim</span> <span class='ocrx_word' id='word_1_263' title='bbox 324 2922 463 2962; x_wconf 87' lang='lat' dir='ltr'>Ulysses</span> <span class='ocrx_word' id='word_1_264' title='bbox 481 2922 547 2954; x_wconf 81' lang='lat' dir='ltr'>Od.</span> <span class='ocrx_word' id='word_1_265' title='bbox 565 2925 598 2954; x_wconf 89' lang='grc' dir='ltr'>Ξ.</span> <span class='ocrx_word' id='word_1_266' title='bbox 632 2923 757 2961; x_wconf 82' lang='grc' dir='ltr'>Τύχησε</span> <span class='ocrx_word' id='word_1_267' title='bbox 782 2924 843 2962; x_wconf 71' lang='grc' dir='ltr'>γὰρ</span> 
     </span>
    </p>
   </div>
   <div class='ocr_carea' id='block_1_9' title="bbox 894 1779 1600 2960">
    <p class='ocr_par' dir='ltr' id='par_1_11' title="bbox 895 1779 1600 1961">
     <span class='ocr_line' id='line_1_47' title="bbox 895 1779 1598 1821; baseline -0.006 -10"><span class='ocrx_word' id='word_1_268' title='bbox 895 1781 973 1821; x_wconf 87' lang='lat' dir='ltr'>tigit</span> <span class='ocrx_word' id='word_1_269' title='bbox 990 1781 1077 1811; x_wconf 84' lang='lat' dir='ltr'>enim</span> <span class='ocrx_word' id='word_1_270' title='bbox 1093 1785 1129 1811; x_wconf 88' lang='lat' dir='ltr'>ut</span> <span class='ocrx_word' id='word_1_271' title='bbox 1144 1782 1210 1811; x_wconf 82' lang='lat' dir='ltr'>iret</span> <span class='ocrx_word' id='word_1_272' title='bbox 1221 1779 1315 1809; x_wconf 86' lang='lat' dir='ltr'>navis</span> <span class='ocrx_word' id='word_1_273' title='bbox 1325 1779 1483 1808; x_wconf 90' lang='lat' dir='ltr'>Virorum</span> <span class='ocrx_word' id='word_1_274' title='bbox 1497 1779 1598 1808; x_wconf 86' lang='lat' dir='ltr'>Thes-</span> 
     </span>
     <span class='ocr_line' id='line_1_48' title="bbox 896 1826 1600 1871; baseline -0.006 -10"><span class='ocrx_word' id='word_1_275' title='bbox 896 1836 1070 1871; x_wconf 87' lang='lat' dir='ltr'>protorum</span> <span class='ocrx_word' id='word_1_276' title='bbox 1100 1830 1132 1860; x_wconf 94' lang='lat' dir='ltr'>in</span> <span class='ocrx_word' id='word_1_277' title='bbox 1162 1828 1355 1860; x_wconf 83' lang='lat' dir='ltr'>Dulichium</span> <span class='ocrx_word' id='word_1_278' title='bbox 1383 1826 1600 1858; x_wconf 84' lang='lat' dir='ltr'>frumentari-</span> 
     </span>
     <span class='ocr_line' id='line_1_49' title="bbox 896 1878 1599 1919; baseline -0.004 -8"><span class='ocrx_word' id='word_1_279' title='bbox 896 1890 960 1911; x_wconf 88' lang='lat' dir='ltr'>am.</span> <span class='ocrx_word' id='word_1_280' title='bbox 1003 1881 1097 1910; x_wconf 86' lang='lat' dir='ltr'>Tunc</span> <span class='ocrx_word' id='word_1_281' title='bbox 1114 1880 1169 1910; x_wconf 90' lang='lat' dir='ltr'>ille</span> <span class='ocrx_word' id='word_1_282' title='bbox 1182 1888 1235 1909; x_wconf 87' lang='lat' dir='ltr'>me</span> <span class='ocrx_word' id='word_1_283' title='bbox 1254 1879 1357 1919; x_wconf 86' lang='lat' dir='ltr'>jussit</span> <span class='ocrx_word' id='word_1_284' title='bbox 1371 1879 1510 1909; x_wconf 89' lang='lat' dir='ltr'>mittere</span> <span class='ocrx_word' id='word_1_285' title='bbox 1527 1878 1599 1918; x_wconf 86' lang='lat' dir='ltr'>regi</span> 
     </span>
     <span class='ocr_line' id='line_1_50' title="bbox 896 1928 1238 1961; baseline -0.006 0"><span class='ocrx_word' id='word_1_286' title='bbox 896 1930 1024 1961; x_wconf 81' lang='lat' dir='ltr'>Acasto</span> <span class='ocrx_word' id='word_1_287' title='bbox 1041 1928 1238 1960; x_wconf 86' lang='lat' dir='ltr'>Accurate.&#39;</span> 
     </span>
    </p>

    <p class='ocr_par' dir='ltr' id='par_1_12' title="bbox 895 1977 1598 2212">
     <span class='ocr_line' id='line_1_51' title="bbox 938 1977 1598 2021; baseline -0.006 -11"><span class='ocrx_word' id='word_1_288' title='bbox 938 1985 951 2001; x_wconf 85' lang='lat'>¹·</span> <span class='ocrx_word' id='word_1_289' title='bbox 975 1978 1130 2021; x_wconf 79' lang='lat' dir='ltr'>Tyranni]</span> <span class='ocrx_word' id='word_1_290' title='bbox 1156 1978 1288 2009; x_wconf 75' lang='lat' dir='ltr'>Acasti.</span> <span class='ocrx_word' id='word_1_291' title='bbox 1332 1977 1528 2017; x_wconf 88' lang='lat' dir='ltr'>Tyrannum</span> <span class='ocrx_word' id='word_1_292' title='bbox 1541 1986 1598 2006; x_wconf 85' lang='lat' dir='ltr'>au-</span> 
     </span>
     <span class='ocr_line' id='line_1_52' title="bbox 896 2028 1596 2067; baseline -0.006 -7"><span class='ocrx_word' id='word_1_293' title='bbox 896 2033 966 2060; x_wconf 88' lang='lat' dir='ltr'>tem</span> <span class='ocrx_word' id='word_1_294' title='bbox 983 2030 1036 2059; x_wconf 89' lang='lat' dir='ltr'>hic</span> <span class='ocrx_word' id='word_1_295' title='bbox 1053 2029 1138 2059; x_wconf 88' lang='lat' dir='ltr'>dicit</span> <span class='ocrx_word' id='word_1_296' title='bbox 1156 2028 1187 2058; x_wconf 91' lang='lat' dir='ltr'>in</span> <span class='ocrx_word' id='word_1_297' title='bbox 1206 2028 1325 2058; x_wconf 82' lang='lat' dir='ltr'>malam</span> <span class='ocrx_word' id='word_1_298' title='bbox 1349 2032 1504 2067; x_wconf 83' lang='lat' dir='ltr'>partem:</span> <span class='ocrx_word' id='word_1_299' title='bbox 1537 2028 1596 2056; x_wconf 81' lang='lat' dir='ltr'>sed</span> 
     </span>
     <span class='ocr_line' id='line_1_53' title="bbox 896 2077 1597 2119; baseline -0.007 -8"><span class='ocrx_word' id='word_1_300' title='bbox 896 2089 970 2111; x_wconf 85' lang='lat' dir='ltr'>eam</span> <span class='ocrx_word' id='word_1_301' title='bbox 988 2089 1105 2111; x_wconf 89' lang='lat' dir='ltr'>vocem</span> <span class='ocrx_word' id='word_1_302' title='bbox 1126 2079 1287 2119; x_wconf 84' lang='lat' dir='ltr'>Trojanis</span> <span class='ocrx_word' id='word_1_303' title='bbox 1312 2077 1523 2118; x_wconf 85' lang='lat' dir='ltr'>temporibus</span> <span class='ocrx_word' id='word_1_304' title='bbox 1549 2077 1597 2116; x_wconf 82' lang='lat' dir='ltr'>ig-</span> 
     </span>
     <span class='ocr_line' id='line_1_54' title="bbox 895 2127 1598 2169; baseline -0.004 -9"><span class='ocrx_word' id='word_1_305' title='bbox 895 2134 1010 2161; x_wconf 89' lang='lat' dir='ltr'>notam</span> <span class='ocrx_word' id='word_1_306' title='bbox 1036 2128 1155 2169; x_wconf 86' lang='lat' dir='ltr'>fuisse,</span> <span class='ocrx_word' id='word_1_307' title='bbox 1179 2127 1254 2159; x_wconf 87' lang='lat' dir='ltr'>fuse</span> <span class='ocrx_word' id='word_1_308' title='bbox 1281 2127 1414 2159; x_wconf 87' lang='lat' dir='ltr'>notavit</span> <span class='ocrx_word' id='word_1_309' title='bbox 1438 2128 1598 2158; x_wconf 87' lang='lat' dir='ltr'>Eustath.</span> 
     </span>
     <span class='ocr_line' id='line_1_55' title="bbox 896 2179 1014 2212; baseline 0 0"><span class='ocrx_word' id='word_1_310' title='bbox 896 2179 963 2212; x_wconf 89' lang='lat' dir='ltr'>Od.</span> <span class='ocrx_word' id='word_1_311' title='bbox 978 2183 1014 2212; x_wconf 88' lang='grc' dir='ltr'>Σ.</span> 
     </span>
    </p>

    <p class='ocr_par' dir='ltr' id='par_1_13' title="bbox 896 2226 1598 2372">
     <span class='ocr_line' id='line_1_56' title="bbox 938 2226 1596 2269; baseline -0.011 -7"><span class='ocrx_word' id='word_1_312' title='bbox 938 2235 949 2250; x_wconf 73' lang='lat'>⁸</span> <span class='ocrx_word' id='word_1_313' title='bbox 974 2231 1133 2269; x_wconf 76' lang='lat' dir='ltr'>Notusque</span> <span class='ocrx_word' id='word_1_314' title='bbox 1154 2229 1229 2259; x_wconf 84' lang='lat' dir='ltr'>adeo</span> <span class='ocrx_word' id='word_1_315' title='bbox 1255 2227 1321 2266; x_wconf 77' lang='lat' dir='ltr'>ejus</span> <span class='ocrx_word' id='word_1_316' title='bbox 1347 2227 1471 2267; x_wconf 78' lang='lat' dir='ltr'>damus]</span> <span class='ocrx_word' id='word_1_317' title='bbox 1504 2226 1596 2256; x_wconf 88' lang='lat' dir='ltr'>Puto</span> 
     </span>
     <span class='ocr_line' id='line_1_57' title="bbox 896 2277 1598 2316; baseline -0.007 -6"><span class='ocrx_word' id='word_1_318' title='bbox 896 2280 951 2312; x_wconf 90' lang='lat' dir='ltr'>hic</span> <span class='ocrx_word' id='word_1_319' title='bbox 977 2283 1069 2311; x_wconf 82' lang='lat' dir='ltr'>notus</span> <span class='ocrx_word' id='word_1_320' title='bbox 1093 2288 1168 2310; x_wconf 86' lang='lat' dir='ltr'>esse</span> <span class='ocrx_word' id='word_1_321' title='bbox 1195 2277 1360 2315; x_wconf 88' lang='lat' dir='ltr'>activum,</span> <span class='ocrx_word' id='word_1_322' title='bbox 1378 2286 1440 2316; x_wconf 88' lang='lat' dir='ltr'>pro</span> <span class='ocrx_word' id='word_1_323' title='bbox 1459 2285 1598 2315; x_wconf 80' lang='lat' dir='ltr'>gnarus;</span> 
     </span>
     <span class='ocr_line' id='line_1_58' title="bbox 896 2326 1468 2372; baseline -0.012 -10"><span class='ocrx_word' id='word_1_324' title='bbox 896 2330 986 2372; x_wconf 88' lang='lat' dir='ltr'>quod</span> <span class='ocrx_word' id='word_1_325' title='bbox 1003 2335 1116 2361; x_wconf 83' lang='lat' dir='ltr'>tamen</span> <span class='ocrx_word' id='word_1_326' title='bbox 1135 2329 1190 2359; x_wconf 90' lang='lat' dir='ltr'>vix</span> <span class='ocrx_word' id='word_1_327' title='bbox 1209 2327 1290 2358; x_wconf 88' lang='lat' dir='ltr'>alibi</span> <span class='ocrx_word' id='word_1_328' title='bbox 1305 2326 1468 2366; x_wconf 86' lang='lat' dir='ltr'>reperias.</span> 
     </span>
    </p>

    <p class='ocr_par' dir='ltr' id='par_1_14' title="bbox 894 2375 1598 2960">
     <span class='ocr_line' id='line_1_59' title="bbox 938 2375 1597 2417; baseline -0.008 -8"><span class='ocrx_word' id='word_1_329' title='bbox 938 2380 948 2400; x_wconf 75' lang='lat'>⁸</span> <span class='ocrx_word' id='word_1_330' title='bbox 983 2379 1148 2417; x_wconf 79' lang='lat' dir='ltr'>Originem</span> <span class='ocrx_word' id='word_1_331' title='bbox 1177 2377 1272 2408; x_wconf 84' lang='lat' dir='ltr'>etiam</span> <span class='ocrx_word' id='word_1_332' title='bbox 1300 2375 1481 2415; x_wconf 79' lang='lat' dir='ltr'>nuptiarum</span> <span class='ocrx_word' id='word_1_333' title='bbox 1508 2375 1597 2405; x_wconf 80' lang='lat' dir='ltr'>Pelei</span> 
     </span>
     <span class='ocr_line' id='line_1_60' title="bbox 895 2424 1597 2468; baseline -0.01 -7"><span class='ocrx_word' id='word_1_334' title='bbox 895 2439 964 2461; x_wconf 81' lang='lat' dir='ltr'>cum</span> <span class='ocrx_word' id='word_1_335' title='bbox 981 2428 1125 2468; x_wconf 78' lang='lat' dir='ltr'>Thetide]</span> <span class='ocrx_word' id='word_1_336' title='bbox 1160 2427 1253 2459; x_wconf 84' lang='lat' dir='ltr'>Quas</span> <span class='ocrx_word' id='word_1_337' title='bbox 1271 2425 1522 2466; x_wconf 84' lang='lat' dir='ltr'>elegantissime</span> <span class='ocrx_word' id='word_1_338' title='bbox 1539 2424 1597 2454; x_wconf 91' lang='lat' dir='ltr'>de-</span> 
     </span>
     <span class='ocr_line' id='line_1_61' title="bbox 895 2473 1598 2511; baseline -0.013 0"><span class='ocrx_word' id='word_1_339' title='bbox 895 2479 1015 2511; x_wconf 86' lang='lat' dir='ltr'>scribit</span> <span class='ocrx_word' id='word_1_340' title='bbox 1039 2478 1204 2510; x_wconf 82' lang='lat' dir='ltr'>Catullus.</span> <span class='ocrx_word' id='word_1_341' title='bbox 1247 2476 1374 2507; x_wconf 83' lang='lat' dir='ltr'>Earum</span> <span class='ocrx_word' id='word_1_342' title='bbox 1397 2478 1510 2505; x_wconf 90' lang='lat' dir='ltr'>autem</span> <span class='ocrx_word' id='word_1_343' title='bbox 1535 2473 1598 2504; x_wconf 88' lang='lat' dir='ltr'>ori-</span> 
     </span>
     <span class='ocr_line' id='line_1_62' title="bbox 894 2523 1598 2569; baseline -0.01 -9"><span class='ocrx_word' id='word_1_344' title='bbox 894 2529 1005 2569; x_wconf 86' lang='lat' dir='ltr'>ginem</span> <span class='ocrx_word' id='word_1_345' title='bbox 1018 2529 1067 2560; x_wconf 86' lang='lat' dir='ltr'>ita</span> <span class='ocrx_word' id='word_1_346' title='bbox 1082 2526 1279 2567; x_wconf 84' lang='lat' dir='ltr'>Apollodor.</span> <span class='ocrx_word' id='word_1_347' title='bbox 1292 2533 1376 2556; x_wconf 81' lang='lat' dir='ltr'>xm.</span> <span class='ocrx_word' id='word_1_348' title='bbox 1401 2525 1410 2542; x_wconf 93' lang='lat'>‘</span> <span class='ocrx_word' id='word_1_349' title='bbox 1422 2523 1490 2554; x_wconf 90' lang='lat' dir='ltr'>Sed</span> <span class='ocrx_word' id='word_1_350' title='bbox 1504 2527 1538 2554; x_wconf 89' lang='lat' dir='ltr'>et</span> <span class='ocrx_word' id='word_1_351' title='bbox 1550 2524 1598 2553; x_wconf 88' lang='lat' dir='ltr'>al-</span> 
     </span>
     <span class='ocr_line' id='line_1_63' title="bbox 897 2574 1595 2612; baseline -0.009 -3"><span class='ocrx_word' id='word_1_352' title='bbox 897 2583 1005 2610; x_wconf 86' lang='lat' dir='ltr'>teram</span> <span class='ocrx_word' id='word_1_353' title='bbox 1027 2586 1168 2608; x_wconf 85' lang='lat' dir='ltr'>uxorem</span> <span class='ocrx_word' id='word_1_354' title='bbox 1191 2575 1290 2606; x_wconf 82' lang='lat' dir='ltr'>duxit</span> <span class='ocrx_word' id='word_1_355' title='bbox 1314 2575 1453 2612; x_wconf 80' lang='lat' dir='ltr'>Peleus,</span> <span class='ocrx_word' id='word_1_356' title='bbox 1467 2574 1595 2604; x_wconf 88' lang='lat' dir='ltr'>Thetin</span> 
     </span>
     <span class='ocr_line' id='line_1_64' title="bbox 898 2624 1597 2665; baseline -0.009 -5"><span class='ocrx_word' id='word_1_357' title='bbox 898 2628 1003 2660; x_wconf 88' lang='lat' dir='ltr'>Nerei</span> <span class='ocrx_word' id='word_1_358' title='bbox 1036 2627 1153 2665; x_wconf 86' lang='lat' dir='ltr'>filiam,</span> <span class='ocrx_word' id='word_1_359' title='bbox 1183 2626 1225 2656; x_wconf 93' lang='lat' dir='ltr'>de</span> <span class='ocrx_word' id='word_1_360' title='bbox 1255 2624 1353 2664; x_wconf 87' lang='lat' dir='ltr'>cujus</span> <span class='ocrx_word' id='word_1_361' title='bbox 1382 2624 1597 2655; x_wconf 87' lang='lat' dir='ltr'>matrimonio</span> 
     </span>
     <span class='ocr_line' id='line_1_65' title="bbox 894 2672 1598 2717; baseline -0.01 -9"><span class='ocrx_word' id='word_1_362' title='bbox 894 2678 1034 2717; x_wconf 87' lang='lat' dir='ltr'>Jupiter</span> <span class='ocrx_word' id='word_1_363' title='bbox 1055 2681 1090 2707; x_wconf 90' lang='lat' dir='ltr'>et</span> <span class='ocrx_word' id='word_1_364' title='bbox 1113 2676 1294 2714; x_wconf 79' lang='lat' dir='ltr'>Neptunus</span> <span class='ocrx_word' id='word_1_365' title='bbox 1309 2674 1558 2705; x_wconf 84' lang='lat' dir='ltr'>contenderunt</span> <span class='ocrx_word' id='word_1_366' title='bbox 1577 2672 1598 2701; x_wconf 78' lang='lat'>2&#39;</span> 
     </span>
     <span class='ocr_line' id='line_1_66' title="bbox 895 2722 1595 2768; baseline -0.004 -11"><span class='ocrx_word' id='word_1_367' title='bbox 895 2726 1105 2768; x_wconf 86' lang='lat' dir='ltr'>(Apollinem</span> <span class='ocrx_word' id='word_1_368' title='bbox 1121 2725 1216 2755; x_wconf 86' lang='lat' dir='ltr'>addit</span> <span class='ocrx_word' id='word_1_369' title='bbox 1231 2722 1434 2763; x_wconf 80' lang='lat' dir='ltr'>Pindarusz)</span> <span class='ocrx_word' id='word_1_370' title='bbox 1450 2727 1458 2740; x_wconf 92' lang='lat'><em>‘</em></span> <span class='ocrx_word' id='word_1_371' title='bbox 1471 2728 1506 2754; x_wconf 89' lang='lat' dir='ltr'>at</span> <span class='ocrx_word' id='word_1_372' title='bbox 1519 2733 1595 2754; x_wconf 84' lang='lat' dir='ltr'>cuni</span> 
     </span>
     <span class='ocr_line' id='line_1_67' title="bbox 895 2772 1595 2813; baseline -0.004 -7"><span class='ocrx_word' id='word_1_373' title='bbox 895 2776 1012 2806; x_wconf 88' lang='lat' dir='ltr'>Thetis</span> <span class='ocrx_word' id='word_1_374' title='bbox 1029 2785 1047 2805; x_wconf 87' lang='lat' dir='ltr'>a</span> <span class='ocrx_word' id='word_1_375' title='bbox 1073 2784 1108 2805; x_wconf 88' lang='lat' dir='ltr'>se</span> <span class='ocrx_word' id='word_1_376' title='bbox 1134 2778 1245 2804; x_wconf 89' lang='lat' dir='ltr'>ortum</span> <span class='ocrx_word' id='word_1_377' title='bbox 1262 2772 1366 2803; x_wconf 83' lang='lat' dir='ltr'>filium</span> <span class='ocrx_word' id='word_1_378' title='bbox 1391 2779 1488 2813; x_wconf 83' lang='lat' dir='ltr'>patre</span> <span class='ocrx_word' id='word_1_379' title='bbox 1504 2772 1595 2803; x_wconf 84' lang='lat' dir='ltr'>futu-</span> 
     </span>
     <span class='ocr_line' id='line_1_68' title="bbox 897 2822 1595 2865; baseline -0.006 -9"><span class='ocrx_word' id='word_1_380' title='bbox 897 2835 970 2856; x_wconf 86' lang='lat' dir='ltr'>rum</span> <span class='ocrx_word' id='word_1_381' title='bbox 986 2834 1060 2855; x_wconf 89' lang='lat' dir='ltr'>esse</span> <span class='ocrx_word' id='word_1_382' title='bbox 1078 2823 1348 2865; x_wconf 55' lang='lat' dir='ltr'>praestantiorem</span> <span class='ocrx_word' id='word_1_383' title='bbox 1366 2822 1595 2862; x_wconf 82' lang='lat' dir='ltr'>praedixisset‚</span> 
     </span>
     <span class='ocr_line' id='line_1_69' title="bbox 896 2872 1594 2912; baseline -0.003 -6"><span class='ocrx_word' id='word_1_384' title='bbox 896 2875 1099 2907; x_wconf 80' lang='lat' dir='ltr'>abstinuisse</span> <span class='ocrx_word' id='word_1_385' title='bbox 1128 2875 1250 2906; x_wconf 86' lang='lat' dir='ltr'>Jovem</span> <span class='ocrx_word' id='word_1_386' title='bbox 1277 2873 1365 2903; x_wconf 90' lang='lat' dir='ltr'>illius</span> <span class='ocrx_word' id='word_1_387' title='bbox 1391 2873 1518 2912; x_wconf 84' lang='lat' dir='ltr'>nuptiis</span> <span class='ocrx_word' id='word_1_388' title='bbox 1544 2872 1594 2904; x_wconf 79' lang='lat' dir='ltr'>fe-</span> 
     </span>
     <span class='ocr_line' id='line_1_70' title="bbox 898 2922 1595 2960; baseline -0.006 -3"><span class='ocrx_word' id='word_1_389' title='bbox 898 2930 986 2957; x_wconf 87' lang='lat' dir='ltr'>runt.</span> <span class='ocrx_word' id='word_1_390' title='bbox 1033 2925 1107 2957; x_wconf 89' lang='lat' dir='ltr'>Nec</span> <span class='ocrx_word' id='word_1_391' title='bbox 1132 2924 1270 2960; x_wconf 84' lang='lat' dir='ltr'>desunt,</span> <span class='ocrx_word' id='word_1_392' title='bbox 1293 2923 1348 2959; x_wconf 77' lang='lat' dir='ltr'>uui</span> <span class='ocrx_word' id='word_1_393' title='bbox 1376 2922 1524 2954; x_wconf 80' lang='lat' dir='ltr'>scribant</span> <span class='ocrx_word' id='word_1_394' title='bbox 1553 2922 1595 2953; x_wconf 71' lang='lat' dir='ltr'>ad</span> 
     </span>
    </p>
   </div>
  </div>
 </body>
</html>
