1915 3231
323 254 408 296 2¹0
793 264 1002 296 chwos
1035 264 1308 296 cnuruusrs

322 357 396 398 lus
416 357 460 398 in
481 360 601 399 tanta
620 356 802 399 civitate
822 358 999 411 reperiri
1033 357 1194 412 possit,
1216 358 1290 411 qui
1325 357 1542 399 fortunam
1578 357 1769 399 labantis

320 425 480 478 patriae
500 425 666 474 dolens,
689 425 742 465 de
764 426 958 478 pernicie
981 425 1165 478 publica
1180 425 1195 447 ‘¹
1227 437 1328 464 cum
1350 425 1490 466 exitio
1510 424 1607 478 ejus
1628 429 1770 465 trans-

319 491 447 544 igat?
506 491 603 544 Ego
623 491 800 545 quidem
823 492 968 532 aetatis
1001 496 1087 533 tuae
1119 492 1506 544 contemplatione,
1535 496 1670 545 atque
1690 491 1770 531 ho·

319 564 444 599 rum⁷
474 572 666 612 precum,
689 559 879 599 cadaver
899 558 1141 606 restituam,
1173 571 1318 611 neque
1347 571 1536 611 unquam
1568 557 1771 598 commit-

319 630 427 675 tam,
447 630 495 666 ut
515 625 632 679 quod
651 626 695 666 in
709 625 906 666 hostibus
923 624 1249 678 reprehenditur
1263 625 1423 665 crimen
1439 624 1622 665 malitiae
1636 628 1651 645 θ
1670 623 1769 676 ipse

321 691 534 732 subeam?
583 690 690 741 [26]
712 690 785 732 Ad
804 704 856 731 ea
879 691 1098 741 Priamus,
1118 697 1332 732 renovato
1354 690 1462 731 fietu
1483 703 1614 743 quam
1634 690 1768 730 mise-

318 758 479 806 rabili‚'
512 771 599 799 non
621 758 716 798 sine
737 757 914 799 decreto
937 758 1103 799 Divum
1124 758 1313 799 adversa
1332 758 1584 799 hominibus
1605 757 1767 797 irruere

319 825 404 866 ait:
437 824 584 864 Deum
606 825 772 878 quippe
792 829 1015 865 auctorem
1030 823 1042 846 f
1069 825 1253 878 singulis
1271 825 1532 866 mortalibus
1552 823 1656 864 boni
1676 835 1768 864 ma-

317 891 439 944 lique
474 904 596 931 esse:
626 904 769 944 neque
800 891 906 931 cui⁸
939 891 1114 932 beatum
1145 897 1274 932 esseg
1303 892 1473 932 licitum
1505 891 1580 940 sit,
1618 890 1767 944 cujus-

317 970 451 1010 quam
472 958 516 998 in
535 970 636 997 eum
657 958 744 998 vim
766 956 1108 1010 inimicitiasque
1126 957 1363 1011 procedere
1382 971 1392 998 :
1414 961 1610 998 ceterum
1631 969 1680 996 se
1700 955 1767 995 di-

317 1024 431 1064 versi
464 1028 613 1077 partus
635 1023 954 1076 quinquaginta
990 1022 1210 1063 filiorumh
1241 1027 1425 1076 patrem,
1457 1023 1767 1063 beatissimum

315 1101 460 1142 regum
483 1090 678 1130 omnium
698 1090 917 1130 habitum:
941 1093 987 1130 at
1008 1094 1272 1142 postremum
1295 1088 1543 1130 Alexandri
1578 1088 1766 1129 natalem

317 1153 454 1195 diemi
492 1157 680 1205 evitarip
714 1169 766 1196 ne
807 1157 907 1197 Diis
940 1156 1118 1208 quidem
1156 1157 1516 1209 praecinentibus,
1552 1155 1769 1208 potuisse.

318 1220 525 1276 Namque
554 1223 784 1263 Hecubam
806 1222 915 1264 foetu
940 1235 994 1263 eo
1014 1223 1259 1276 gravidam,
1278 1223 1417 1264 facem
1442 1235 1520 1276 per
1541 1222 1731 1275 quietem
1748 1217 1765 1241 ¹³

924 1340 1099 1353 oooeeeoee
1103 1341 1138 1353 eo
1142 1342 1159 1353 e

358 1420 377 1448 7
402 1416 525 1458 Delph.
540 1416 725 1449 harum—8
749 1417 873 1458 Delph.
890 1419 1065 1458 queam—9
1088 1418 1211 1459 Delph.
1225 1418 1310 1458 adp.
1325 1417 1367 1450 A.
1381 1427 1413 1448 n.
1429 1418 1461 1449 d.
1478 1426 1577 1457 quem.

975 1533 1116 1564 NOTAE

357 1603 373 1625 ‘¹
395 1605 446 1636 De
457 1606 593 1646 pernicie
603 1606 742 1646 publica]
762 1606 939 1638 Neminem
955 1617 1014 1648 pu-

316 1660 352 1685 to
369 1654 457 1686 istud
474 1665 573 1695 posse
587 1656 794 1696 intelligere,
807 1656 849 1687 de
864 1657 1015 1697 pernicie

316 1704 452 1744 publica
476 1706 668 1744 transigere
684 1716 761 1737 cum
780 1707 923 1746 alicujus
944 1709 1015 1739 exi-

315 1755 376 1785 tio.
423 1755 552 1785 Forsan
568 1755 751 1795 scripserat
766 1755 899 1796 Dictys,
915 1756 925 1772 ‘
939 1766 1016 1796 per-

313 1803 438 1834 niciem
467 1804 637 1844 publicam
665 1805 771 1835 exitio
799 1805 870 1845 ejus
896 1807 1018 1836 transi-

315 1859 374 1895 gat
386 1854 406 1885 :’
424 1854 456 1886 id
470 1860 534 1893 est,
544 1854 652 1893 finiat,
666 1855 832 1895 absolvat,
846 1855 1018 1887 conficiat.

317 1904 461 1944 Optimo
477 1914 587 1936 sensu.
623 1905 666 1936 Et
682 1904 755 1936 haec.
770 1905 835 1936 erit
850 1915 924 1936 mea
940 1915 1014 1936 sen-

314 1953 436 1993 tentia,
459 1953 568 1985 donec
591 1962 644 1985 me
661 1954 782 1996 aliquis
799 1955 940 1986 meliora
955 1954 1016 1986 do-

316 2007 406 2034 ceat.

359 2057 373 2072 2
394 2052 518 2084 Crimen
532 2052 678 2092 malitiae]
702 2052 847 2093 Proprie
864 2052 1013 2093 loquitur

315 2100 460 2142 Dictys;
485 2101 647 2133 malitiam
672 2102 760 2132 enim
789 2106 889 2133 vocat
914 2111 1013 2142 quam

314 2159 376 2181 nos
391 2152 512 2183 darete.

357 2199 371 2220 f
382 2202 486 2232 Deam
500 2202 610 2243 quippe
624 2201 794 2241 auctorem]
819 2200 1014 2241 Expressis-

315 2259 351 2282 se
367 2251 503 2282 videtur
519 2253 643 2292 Dictys
661 2262 702 2283 ex
721 2251 822 2283 Hom.
840 2251 882 2282 ll.
898 2254 936 2281 Ω.
957 2250 1013 2281 ubi

315 2299 466 2331 Achilles
494 2301 536 2331 ad
564 2301 757 2332 Priamum:
781 2299 867 2331 Δοιοὶ
891 2298 954 2340 ’γάρ
977 2311 1014 2330 τε

314 2348 396 2380 πίθοι
419 2350 621 2381 κατακείαται
641 2352 675 2381 ἐν
690 2349 763 2382 Διὸς
790 2351 871 2381 οὔδει
891 2349 1015 2389 Δώρων,

316 2398 366 2430 οῖα
381 2399 484 2430 δίδωσι
499 2402 612 2436 κακῶν,
629 2400 733 2440 ἕτερος
748 2399 780 2431 δὲ
796 2399 884 2431 ἐάων·
903 2398 947 2431 ΔΐΩ
959 2398 1016 2437 μὲν

318 2448 468 2488 καμμίξας
490 2448 554 2488 δῴη
576 2449 649 2482 Ζεὺς
671 2449 918 2490 τερπικέραυνος,
940 2449 1018 2480 ’Άλ-

318 2505 395 2530 λοτε
411 2499 468 2538 μέν
481 2512 517 2530 τε
533 2502 619 2540 κακῷ
632 2500 688 2539 ὅγε
704 2500 839 2541 κύρεται,
855 2499 974 2531 ἄλλοτε
992 2500 1018 2530 δ’

316 2549 430 2591 ἐσθλῷ,
444 2548 488 2581 ²12
514 2549 549 2580 δέ
573 2562 608 2581 κε
631 2553 693 2582 τῶν
708 2552 832 2591 λυγρῶν
856 2549 931 2590 δῴη,
956 2555 1016 2580 λω-

316 2598 415 2636 βητὸν
430 2598 530 2636 ἔθηκε.
564 2602 573 2617 ‘
587 2600 664 2631 Duo
680 2601 768 2631 enlm
784 2600 877 2631 dolia
896 2601 1017 2640 jacent

316 2649 350 2680 in
366 2649 461 2681 Jovis
486 2650 599 2680 limine
627 2651 815 2688 Donorum,
830 2649 943 2690 qualia
958 2648 1018 2680 dat

316 2700 481 2729 malorum
498 2699 654 2738 alterum,
671 2699 815 2730 alterum
829 2698 1012 2730 bonorum:

318 2749 381 2778 Cui
405 2748 540 2788 quidem
566 2749 710 2779 miscens
726 2748 861 2780 dederit
876 2747 1015 2788 Jupiter

318 2796 525 2839 fulminator,
542 2798 720 2830 Interdum
737 2797 874 2839 quidem
890 2797 1015 2829 malum

1069 1608 1127 1639 ille
1156 1608 1388 1650 consequitur,
1426 1605 1596 1638 interdum
1631 1606 1769 1643 bonum,

1070 1658 1133 1689 Cui
1150 1664 1263 1689 autem
1281 1667 1322 1688 ex
1339 1656 1494 1688 tristibus
1519 1655 1667 1696 dederit,
1691 1665 1767 1688 eum

1066 1707 1236 1739 infelicem
1254 1707 1391 1739 reddit.’

1124 1764 1141 1785 g
1168 1759 1278 1798 Neque
1310 1758 1410 1798 quoad
1437 1756 1560 1788 beatum
1589 1754 1670 1795 esse]
1705 1755 1769 1787 Ait

1067 1808 1227 1848 quamdiu
1241 1807 1342 1838 alicui
1359 1807 1496 1838 beatum
1509 1815 1584 1837 esse
1600 1805 1770 1846 permitti·

1066 1862 1134 1896 tur,
1149 1867 1225 1888 eum
1239 1857 1362 1888 nullius
1373 1855 1545 1887 violentiae
1563 1854 1770 1886 inimicitiis-

1067 1916 1133 1947 que
1150 1907 1342 1946 expositum
1359 1914 1444 1937 esse.

1130 1954 1146 1976 ¹¹
1186 1955 1424 1996 Quinquaginta
1458 1953 1618 1995 filiorum]
1668 1953 1766 1993 Virg.

1063 2003 1075 2022 ‘
1089 2004 1344 2046 Quinquaginta
1361 2004 1408 2035 illi
1427 2001 1587 2034 thalami.’

1109 2052 1117 2073 ἰ
1140 2053 1193 2084 Ad
1219 2057 1406 2093 postremum
1429 2051 1604 2084 Alexandri
1632 2051 1768 2083 natalem

1067 2103 1164 2143 diem]
1203 2103 1322 2134 Innuit
1355 2102 1586 2134 Alexandrum
1622 2100 1767 2132 filiorum

1068 2153 1198 2184 Priami
1222 2157 1427 2193 postremum
1453 2151 1565 2182 fuisse.
1612 2150 1769 2191 Hyginus

1069 2207 1200 2233 tantum
1223 2203 1284 2240 ait,
1307 2202 1538 2233 Alexandrum
1556 2200 1694 2232 Priamo
1711 2209 1769 2231 na·

1069 2258 1153 2293 tum,
1171 2262 1245 2283 cum
1257 2252 1329 2292 jam
1343 2252 1458 2291 plures
1474 2250 1598 2281 liberos
1615 2249 1767 2281 liaberet.

1067 2301 1176 2339 Solus,
1199 2300 1289 2341 quod
1307 2301 1422 2339 sciam,
1440 2299 1668 2340 Apollodorus
1685 2298 1767 2329 scri-

1069 2351 1118 2381 bit
1135 2354 1212 2390 post
1225 2350 1408 2380 Hectorem
1421 2348 1572 2379 secundo
1585 2352 1686 2388 partu
1699 2347 1766 2379 Pa-

1067 2399 1174 2431 ridem
1196 2398 1372 2430 Hecubam
1390 2398 1551 2428 edidisse.

1111 2448 1125 2469 ⁸
1149 2449 1262 2479 Facem
1279 2457 1335 2487 per
1350 2448 1496 2488 quietem]
1529 2446 1614 2477 Inde
1630 2447 1767 2487 elegan-

1068 2503 1121 2530 ter
1137 2498 1231 2538 Virg.
1250 2507 1286 2529 x.
1302 2499 1374 2528 AEn.
1397 2502 1406 2515 ⁶
1420 2497 1465 2528 Et
1479 2496 1555 2527 face
1572 2506 1767 2537 praegnans,

1070 2547 1196 2581 Cisseis
1223 2547 1340 2588 regina
1369 2546 1474 2577 Parin
1501 2545 1621 2576 creat.'
1676 2546 1765 2577 Vide

1071 2596 1271 2638 Apollodor.
1301 2594 1453 2636 Lycoph.
1477 2593 1579 2625 Ovid.
1604 2598 1640 2625 et
1666 2594 1764 2625 alios.

1068 2647 1165 2679 Solus
1182 2646 1352 2686 Hyginus,
1370 2644 1453 2676 Fab.
1470 2646 1523 2675 91.
1538 2643 1600 2675 ait.
1625 2644 1635 2661 ‘
1649 2643 1766 2675 Hecu-

1069 2696 1144 2727 bam
1161 2696 1194 2726 in
1208 2695 1321 2736 quiete
1337 2694 1459 2725 vidisse
1473 2703 1509 2724 se
1520 2692 1630 2724 facem
1643 2693 1765 2724 arden-

1069 2751 1137 2776 tem
1164 2754 1296 2784 parere,
1322 2753 1363 2774 ex
1384 2752 1451 2784 qua
1466 2747 1643 2783 serpentes
1659 2743 1766 2784 pluri-

1069 2804 1139 2826 mos
1156 2793 1302 2826 exiisse?
1345 2792 1421 2825 Nisi
1447 2791 1494 2824 ibi
1518 2801 1582 2825 vox
1604 2796 1613 2810 ’
1627 2801 1765 2834 serpen·
