1915 3231
332 316 386 357 30
681 329 785 359 JAc.
821 329 1074 360 PERIZONH
1112 329 1439 361 mssszATio

331 421 689 473 diligentissimus
722 422 960 464 Rcinesius
992 423 1048 465 ad
1087 423 1331 477 Rupertum
1366 424 1507 478 Epist.
1528 423 1620 479 67.)
1651 425 1783 480 ‘inji-'

331 488 454 528 ciens
476 501 524 528 se
549 488 594 528 in
625 501 771 542 rogum
795 490 1000 539 Paridis‚'
1019 488 1055 540 ἢ,
1079 493 1180 530 κατὰ
1201 490 1261 530 τὸν
1293 490 1447 540 Δίκτυν,
1477 492 1629 546 βρόχοις
1655 494 1783 545 ἀπαγ-

325 554 479 608 χθεΐο-α,
504 555 587 597 hoc
619 561 703 606 est,
737 559 749 576 ‘
769 557 850 606 vel,
866 557 1111 604 vsecundum
1144 558 1324 611 Dictyn,
1346 558 1520 611 laqueis
1552 558 1781 608 suffocata,

329 621 400 661 vel
423 621 609 676 denique
639 623 876 665 secundum
901 623 1250 678 Lycophronem,
1274 624 1327 665 de
1358 625 1465 666 turri
1499 638 1547 666 se
1575 626 1783 679 praecipi-

330 688 456 729 tans.'
513 689 661 741 Addo,
683 691 816 732 etiam
837 691 987 732 Tzetzi
1009 692 1240 744 astipulari
1263 691 1474 733 Malelam
1491 705 1591 746 pag.
1615 693 1715 734 141.
1739 697 1784 733 et

331 755 591 808 Cedrenum,
614 759 689 811 qui
719 759 889 811 pariter
911 759 965 799 de
987 758 1176 808 OEnone,
1200 761 1312 813 ἑαυτῇ
1338 758 1582 814 ἀπεχρήσατο
1615 760 1782 815 ἀγχόνῃ,

328 825 340 844 ‘
361 822 553 876 seipsam
585 825 776 866 extinxit
796 823 1069 878 suspendio.'
1130 823 1295 866 Verum
1321 839 1421 866 cum
1442 826 1486 866 hi
1511 826 1615 880 ipsi,
1639 826 1781 867 Male·

328 888 397 929 las
420 903 520 943 pag.
543 892 640 933 156.
660 894 739 934 &c.
757 896 802 933 ut
823 896 865 932 et
886 905 982 945 pag.
1011 892 1104 933 140.
1126 896 1172 932 et
1192 891 1418 933 Cedrenus
1440 906 1541 946 pag.
1559 894 1658 935 127.
1679 893 1783 935 128.

328 956 428 998 129.
451 958 548 999 130.
574 971 601 999 a
623 959 745 1000 caede
770 959 978 1000 Hectoris
1003 972 1142 1012 usque
1169 958 1224 999 ad
1246 972 1396 1000 necem
1420 960 1631 1010 Achillis,
1648 961 1783 1001 immo

328 1028 370 1064 et
390 1028 569 1066 mortem
611 1025 801 1076 Paridis,
837 1038 1019 1080 prorsus
1051 1026 1317 1067 conveniant
1351 1027 1396 1067 in
1428 1027 1611 1068 eandem
1648 1027 1777 1080 plane

328 1103 472 1131 rerum
501 1105 715 1133 summam
737 1105 788 1134 ac
816 1093 959 1146 ipsam
984 1093 1153 1143 seriem,
1183 1092 1339 1147 (quam
1369 1093 1470 1134 vide
1500 1094 1615 1135 infra
1646 1092 1783 1148 §190

328 1169 428 1197 eum
459 1162 608 1199 nostro
641 1159 856 1212 Septimio
888 1171 915 1199 a
945 1159 1021 1200 lib.
1045 1170 1119 1199 111.
1150 1160 1221 1200 15.
1250 1173 1390 1213 usque
1422 1160 1478 1201 ad
1511 1161 1586 1201 lib.
1615 1171 1679 1200 1v.
1709 1160 1780 1201 22.

326 1224 415 1264 nisi
437 1225 553 1278 quod
573 1226 644 1267 hic
666 1226 793 1279 plura
815 1226 950 1279 paulo
980 1225 1154 1275 habeat,
1177 1225 1222 1266 in
1242 1225 1327 1267 hac
1350 1230 1493 1267 autem
1516 1239 1602 1267 una
1624 1227 1779 1268 mortis

327 1291 655 1334 circumstantia
687 1292 914 1334 videantur
951 1293 1208 1345 dissentire3
1240 1293 1341 1334 ideo
1367 1294 1513 1334 nullus
1545 1307 1626 1347 ego
1660 1294 1783 1335 dubi-

327 1361 429 1408 tem,
464 1359 572 1412 quin
603 1360 724 1414 apud
747 1360 952 1402 Graeoum
985 1360 1152 1414 Dictyn
1176 1361 1423 1402 adhibitum
1444 1361 1574 1402 suerit
1597 1362 1780 1403 verbum

327 1426 519 1478 ambigui
542 1441 715 1477 sensus,
739 1432 780 1469 et
810 1428 1092 1481 potissimum
1113 1428 1282 1469 celebre
1314 1428 1421 1469 illud
1453 1428 1780 1483 &mistui-osque

325 1494 585 1547 simpliciter
618 1496 761 1549 posito
792 1495 1149 1549 frequentissime
1185 1499 1364 1536 notatur
1400 1496 1700 1549 suspendium,
1735 1501 1782 1538 ut

326 1565 419 1601 erat
450 1561 492 1601 id
527 1575 660 1614 genus
691 1563 952 1604 voluntariae
975 1566 1016 1602 et
1036 1575 1116 1615 per
1137 1574 1367 1602 moerorem
1389 1563 1591 1616 quaesitae
1623 1563 1776 1604 mortis

326 1629 674 1679 usitatissimum,
688 1629 767 1670 sed
791 1633 937 1670 tamen
957 1629 1089 1670 etiam
1111 1628 1203 1670 alia
1225 1629 1564 1682 qualiscumque
1586 1642 1703 1670 mors
1724 1642 1782 1671 ex

325 1694 508 1736 tristitia
527 1700 572 1736 et
593 1708 749 1749 angore
770 1698 902 1738 animi
936 1696 1073 1737 nimio
1103 1699 1211 1745 orta,
1233 1700 1284 1736 ut
1317 1696 1486 1749 liquido
1521 1696 1691 1737 ostendi
1723 1696 1780 1737 ad

325 1761 494 1802 AEliani
515 1762 623 1804 Var.
648 1763 772 1805 Hist.
797 1775 841 1803 v.
864 1763 903 1805 8.
962 1762 1110 1817 Atque
1131 1763 1192 1804 ita
1221 1763 1408 1804 Tzetzes
1440 1763 1485 1803 id
1518 1763 1697 1803 verbum
1725 1763 1780 1804 de

325 1829 584 1882 suspendio,
627 1844 716 1884 quo
757 1831 888 1872 modo
924 1830 1113 1885 periisse
1166 1829 1375 1871 OEnonen
1422 1829 1603 1871 tradunt
1643 1829 1779 1871 etiam

325 1895 632 1949 Apollodorus
665 1905 711 1939 et
732 1898 900 1949 Conon,
929 1900 1257 1951 interpretatus,
1279 1897 1506 1938 addidisse
1531 1897 1702 1938 videtur
1724 1897 1779 1938 de

324 1975 421 2011 suo,
454 1962 621 2018 βρόχοις,
652 1966 772 2019 quod
812 1967 957 2018 ipsum
989 1964 1093 2006 addi
1132 1963 1310 2004 minime
1340 1967 1460 2004 esset
1496 1976 1626 2016 opus,
1659 1964 1697 2004 si
1735 1964 1778 2004 τὸ

322 2028 590 2084 Ἀπάγχεσθαι
607 2045 683 2085 per
700 2044 748 2072 se
763 2032 927 2073 nullum
951 2031 1072 2072 aliud
1094 2044 1229 2084 genus
1252 2031 1403 2071 mortis
1425 2043 1558 2083 quam
1582 2034 1779 2083 strangu-

321 2096 542 2147 lationem,
575 2111 673 2151 quae
702 2098 864 2152 laqueo
899 2098 962 2148 fit,
997 2102 1199 2139 notasset
1231 2097 1350 2151 apud
1380 2097 1599 2139 Graecos:
1631 2098 1777 2150 Septi-

322 2163 436 2203 mius
457 2176 561 2205 vero
591 2165 652 2206 ita
682 2166 914 2218 accepisse
947 2164 1069 2213 illud,
1091 2166 1222 2218 quasi
1255 2177 1353 2205 eam
1376 2164 1693 2217 strangulasset
1712 2164 1777 2204 in-‘

322 2230 472 2271 clusus
513 2230 655 2281 dolor,
691 2237 738 2272 et
772 2231 1007 2272 immodica
1047 2230 1310 2272 suffocasset
1350 2231 1485 2272 animi
1529 2231 1776 2283 aegritudo:

321 2296 450 2349 plane
479 2302 528 2338 ut
548 2298 623 2339 alii
645 2312 821 2352 quoque
847 2304 1051 2340 auctores
1088 2299 1254 2352 saepius
1285 2297 1392 2338 illud
1415 2296 1686 2351 Ἀπάγχεσθαι
1701 2310 1778 2351 per

321 2365 520 2415 generale
554 2366 734 2406 verbum
767 2365 978 2406 moriendi
1012 2365 1309 2414 reddiderunt,
1340 2364 1461 2418 quod
1495 2365 1645 2406 itidem
1674 2365 1718 2405 d.
1747 2366 1775 2406 l.

321 2430 554 2483 probatum
575 2431 692 2472 dedi.

380 2508 485 2538 xlv.
517 2498 590 2540 Ita
618 2498 729 2540 satis
756 2499 851 2552 jam
874 2502 1040 2540 certum
1061 2502 1106 2539 et
1126 2498 1292 2540 clarum
1315 2510 1414 2538 esse
1435 2500 1556 2551 puto,
1578 2497 1768 2539 Graecos

320 2564 560 2618 scriptores
594 2578 680 2607 non
716 2566 852 2606 alium
882 2566 1095 2606 habuisse
1125 2568 1168 2605 et
1196 2564 1404 2605 laudasse
1437 2564 1616 2617 Dictyn‚
1638 2577 1773 2618 quam

320 2631 435 2671 hunc
474 2630 635 2683 ipsum,
672 2645 803 2685 quem
841 2632 1081 2686 Septimius
1112 2630 1273 2672 Latino
1306 2629 1529 2683 expressit
1558 2643 1774 2671 sermone.

322 2696 431 2736 Inde
449 2709 552 2738 vero
573 2699 784 2752 sequitur,
806 2711 955 2740 verum
987 2710 1089 2750 ergo
1111 2710 1208 2738 esse
1230 2697 1345 2737 haud
1364 2697 1507 2745 dubie,
1529 2696 1645 2750 quod
1663 2696 1773 2750 Sep-

322 2762 473 2802 timius
504 2764 599 2816 ipse
630 2766 743 2807 ultro
786 2764 1023 2820 profitetur,
1054 2775 1101 2804 se
1141 2761 1374 2803 ‘libellos’
1404 2762 1540 2803 hosce
1577 2765 1589 2783 ‘
1612 2762 1773 2804 Graeca

323 2828 544 2869 oratione’
578 2831 782 2885 scriptos,
818 2834 830 2853 ‘
854 2832 916 2873 uti
950 2833 1087 2879 erant,
1120 2829 1272 2871 Latine
1304 2827 1593 2870 disseruisse)
1652 2829 1772 2870 Nam
