1915 3231
592 1032 1160 1083 SERENISSIMO

328 1175 1410 1253 DELPHINO

754 1320 800 1360 S.
834 1320 885 1361 P.
918 1321 977 1361 D.

232 1445 437 1488 ANNA
488 1445 957 1498 TANAQUILLI
1011 1448 1241 1491 FABRI
1295 1449 1508 1494 FILIA.

137 1692 376 1747 TnosAm
402 1706 508 1747 belli
542 1707 801 1758 scriptorem
825 1703 1005 1757 Dictym
1039 1705 1118 1746 tibi
1149 1718 1265 1747 nunc
1287 1706 1438 1757 offero,
1461 1707 1593 1748 DEL-

139 1783 294 1813 PH1NE
316 1773 675 1821 SERENISsmn,
697 1784 856 1812 munus
878 1771 1010 1824 plane
1031 1776 1072 1813 te
1089 1772 1282 1826 dignum,
1302 1774 1378 1828 qui
1400 1788 1500 1815 cum
1526 1781 1591 1816 to»

137 1845 227 1881 tam
248 1840 336 1882 fere
356 1842 578 1894 antiquam
597 1839 843 1880 Historiam
865 1851 1124 1892 pernoscas,
1139 1841 1391 1894 antiquiora
1412 1855 1589 1897 quoque

135 1907 214 1949 illa
233 1912 278 1949 et
297 1909 462 1949 ultimis
484 1913 599 1948 retro
620 1907 892 1959 temporibus
915 1907 1124 1960 propiora
1143 1908 1400 1962 perlegendi
1422 1911 1590 1964 cupidi-

136 1982 226 2017 tate
249 1977 428 2017 teneris.
491 1975 543 2015 ln
566 1975 634 2015 his
656 1987 761 2015 sane
782 1974 1040 2015 Graecorum
1075 1988 1173 2016 cum
1203 1975 1406 2029 Trojanis
1426 1977 1587 2019 belluni

134 2044 298 2096 primas
320 2044 498 2093 obtinet,
518 2055 661 2095 neque
692 2042 887 2082 fabulam
916 2041 1052 2082 ullam
1087 2042 1289 2084 invenias
1324 2056 1426 2096 quae
1447 2044 1589 2085 homi-

135 2122 240 2150 num
261 2111 510 2151 memoriam
533 2110 781 2150 exercuerit
810 2110 968 2162 magis,
989 2123 1175 2164 quaeque
1207 2110 1322 2152 adeo
1344 2112 1586 2153 nobiliores

137 2189 370 2229 praecones
393 2178 548 2217 sortita
577 2177 652 2217 sit.
712 2175 837 2216 Nihil
859 2175 1010 2229 itaque
1034 2176 1087 2217 ad
1110 2177 1442 2218 delectationem
1466 2183 1584 2219 tuam

135 2243 282 2296 aptius
304 2245 472 2296 putavi,
507 2256 642 2296 quam
671 2242 838 2283 hancce
873 2243 953 2283 tibi
986 2243 1228 2283 Historiam
1249 2244 1305 2284 ob
1328 2244 1483 2284 oculos
1504 2258 1582 2297 po-

133 2321 251 2360 nere,
268 2316 320 2350 ut
342 2310 663 2364 jucundissima
684 2308 779 2363 ejus
816 2309 1005 2350 lectione
1025 2309 1217 2349 animum
1238 2315 1357 2350 tuum
1382 2310 1583 2363 expleas,

134 2388 223 2417 non
245 2379 294 2417 ut
323 2377 422 2418 inde
441 2381 567 2431 petas
589 2376 838 2417 rudimenta
865 2376 1086 2417 virtutum.
1149 2376 1267 2426 Quid
1298 2377 1428 2424 enim,
1452 2377 1583 2418 DEL-

135 2453 254 2483 ΡΗῐΝ
270 2455 292 2483 n
315 2443 674 2493 SERENissrmn,
699 2443 910 2491 Achilles,
944 2443 1130 2492 Hector,
1151 2447 1194 2483 et
1226 2443 1483 2493 Diomedes,
1510 2445 1584 2485 he-

133 2509 233 2551 roes
251 2511 314 2551 illi
336 2511 576 2561 fortissimi,
596 2511 676 2552 tibi
693 2511 903 2565 prodesse
924 2512 1131 2565 possint?
1162 2523 1239 2551 eos
1255 2523 1405 2552 omnes
1425 2513 1581 2553 robore

128 2577 222 2630 jam
242 2577 398 2626 vincis,
419 2578 497 2631 qui
517 2578 855 2618 invictissimum
876 2585 1101 2631 parentem
1134 2582 1258 2619 tuum
1285 2577 1505 2631 designas,
1536 2584 1581 2622 et

136 2642 193 2683 ad
214 2642 311 2696 ejus
340 2642 634 2684 fortitudinem
644 2643 739 2697 jam
761 2645 967 2697 assurgis.
1027 2644 1147 2695 Quid
1170 2645 1435 2687 Palamedes
1456 2646 1581 2690 Grae-

136 2722 283 2750 corum
306 2711 670 2764 prudentissimus
694 2713 735 2752 in
759 2717 798 2752 te
818 2713 1005 2766 amplius
1022 2712 1252 2753 conferat?
1292 2712 1578 2757 Palamedem
