1915 3231
154 366 238 407 300
647 376 863 406 munius
899 376 1109 406 PHRYGII

157 468 345 522 graviter
364 469 467 511 tulit
486 474 578 510 tam
598 471 916 511 contumeliose
939 470 1172 525 Phrygiam
1203 473 1438 513 tractatam
1459 484 1559 513 esse
1579 485 1606 513 a

157 535 322 578 Graiis.
364 536 499 577 Ilium
518 537 626 591 petit
647 550 744 578 cum
763 536 956 578 Hecuba
975 550 1112 578 uxore
1132 541 1178 578 et
1196 537 1348 578 liberis
1361 537 1372 558 t
1395 538 1606 587 Hectore,

156 602 428 653 Alexandro,
457 603 705 657 Deiphobo,
740 603 930 653 Heleno,
961 603 1126 653 Troilo,
1146 603 1473 654 Andromacha,
1496 603 1608 645 Cas-

158 670 336 720 sandra,
358 670 599 725 Polyxena.
661 671 782 712 Nam
812 675 938 713 erant
968 674 1010 712 et
1041 671 1117 712 alii
1147 670 1227 712 filii
1259 683 1316 711 ex
1347 671 1607 712 concubinis

157 737 276 788 nati3
307 737 385 778 sed
406 744 562 778 nemo¹¹
594 751 652 778 ex
682 738 800 790 regio
831 751 990 791 genere
1011 737 1126 778 dixit
1147 751 1262 786 esse,
1294 738 1383 778 nisi
1419 750 1498 778 eos
1533 738 1609 791 qui

157 809 279 846 erant
298 818 354 846 ex
374 805 583 858 legitimis
605 806 832 846 uxoribus.
893 805 1099 846 Priamus
1129 811 1179 846 ut
1210 806 1341 846 Ilium
1363 807 1500 855 venit,
1532 806 1612 846 ini-

159 873 275 912 nime
303 883 465 912 moram
487 871 608 922 fecit,
635 871 852 925 ampliora
872 873 1038 913 moenia
1060 873 1298 921 exstruxit,
1321 877 1365 913 et
1386 873 1612 913 civitatem

159 938 500 978 munitissimam
519 938 735 989 reddidit3
768 941 812 978 et
840 938 1028 979 militum
1060 939 1380 980 multitudinem
1418 941 1478 980 ibi
1511 952 1611 980 esse

158 1004 278 1054 fecit,
313 1018 369 1046 ne
404 1017 485 1057 per
518 1004 813 1056 ignorantiam
834 1006 1168 1058 opprimeretur,
1189 1006 1251 1046 ita
1282 1011 1330 1046 ut
1352 1007 1614 1048 Laomedon

160 1075 283 1125 pater
304 1071 402 1124 ejus
433 1084 680 1124 oppressus
705 1075 783 1112 est.
845 1071 1033 1125 Regiam
1054 1085 1232 1126 quoque
1265 1073 1540 1123 aedificavit,V
1571 1077 1615 1115 et

161 1138 224 1178 ibi
243 1137 273 1178 J
277 1139 349 1179 ovi
371 1138 536 1180 Statori
560 1152 679 1180 aram
697 1144 721 1160 W
752 1140 1046 1181 consecravit.
1107 1140 1346 1181 Hectorem
1370 1142 1414 1180 in
1437 1141 1617 1182 Paeoni-

162 1217 234 1244 am
253 1205 407 1245 misit.'‘
465 1205 551 1247 Ilio
572 1209 724 1259 portas
745 1205 860 1255 fecit,
882 1219 1063 1259 quarum
1081 1206 1260 1247 nomina
1275 1207 1371 1248 haec
1393 1212 1506 1256 sunt,
1524 1205 1616 1247 An-

164 1272 347 1322 tenoria,
361 1271 607 1321 Dardania,
629 1273 733 1322 Ilia,
748 1273 911 1323 Scaeay
926 1273 1204 1327 Thymbraea,
1224 1274 1452 1328 Trojana.4
1482 1274 1619 1315 Dein-

165 1337 233 1388 de,
256 1343 488 1393 postquam
509 1339 642 1380 Ilium
664 1341 903 1381 stabilitum
922 1340 1050 1390 vidit,
1065 1344 1242 1394 tempus
1261 1341 1528 1394 expectavit.
1556 1341 1620 1382 Ut

164 1405 309 1446 visum
329 1410 393 1447 est
409 1406 450 1446 ei
465 1406 606 1459 patris
626 1406 806 1460 injurias
823 1407 998 1456 ulcisci,
1014 1406 1287 1448 Antenorem
1303 1408 1451 1448 vocari
1465 1407 1617 1461 jubet3

165 1472 273 1514 dicit
306 1474 347 1513 ei
381 1473 494 1514 velle
531 1486 595 1522 se,
627 1487 725 1514 eum
746 1474 937 1527 legatum
967 1474 1012 1514 in
1033 1473 1257 1516 Graeciam
1284 1475 1488 1524 mittere,⁵
1520 1487 1620 1516 cum

168 1553 325 1592 graves
340 1545 354 1562 ²
389 1540 473 1581 sibi
495 1540 677 1595 injurias
698 1542 754 1583 ab
778 1541 847 1583 his
864 1541 940 1596 qui
962 1554 1061 1584 cum
1084 1542 1284 1584 exercitu
1304 1545 1510 1583 venerant
1530 1541 1620 1583 fac-

776 1670 1020 1684 ‘eoeeoaenoee

209 1748 230 1776 4
253 1745 467 1785 Antenoriden,
484 1745 669 1787 Damaniae,
685 1746 879 1789 11iae,Sceae,
897 1746 1086 1787 Thymbrioe,
1104 1746 1251 1786 Trojanoe
1269 1746 1458 1787 Delpli.—-5
1483 1745 1624 1778 Omittit

168 1789 297 1829 Delph.
316 1789 467 1819 voculam
485 1792 533 1819 ut.

833 1875 972 1907 NOTAE

212 1961 221 1980 ²
246 1960 325 1991 Cum
344 1959 476 1990 Hecuba
495 1969 590 1990 uxore
609 1963 640 1990 et
660 1959 779 1999 liberis]
813 1959 872 1990 Bis

171 2014 293 2050 peccat
310 2009 363 2040 hic
388 2010 523 2040 Dares:
556 2010 659 2040 semel
685 2014 802 2041 contra
818 2010 872 2050 ju-

171 2059 294 2090 dicium
311 2070 318 2089 ε
356 2068 430 2089 nam
463 2058 519 2099 qui
550 2057 622 2088 fieri
654 2064 805 2099 poterat,
835 2064 874 2090 ut

171 2110 329 2140 Priamus
343 2109 376 2139 in
390 2109 542 2149 Phrygia
555 2109 719 2140 exercitui
733 2108 873 2149 praefec-

172 2164 225 2189 tus
242 2167 378 2189 uxorem
403 2167 516 2188 secum
539 2157 680 2189 haberet
704 2163 739 2189 et
759 2168 874 2190 omues

172 2209 321 2240 liberos?
341 2213 377 2239 et
401 2208 523 2239 iterum
540 2212 660 2239 contra
676 2208 872 2240 historiam:

175 2269 250 2289 nam
267 2258 385 2289 falsum
411 2263 462 2289 est
486 2263 567 2289 tunc
592 2259 754 2298 temporis
776 2259 872 2290 Pria-

174 2319 262 2340 mum
282 2312 332 2340 tot
354 2309 478 2339 liberos
505 2308 671 2347 habuisse,
686 2312 725 2339 ut
740 2318 784 2340 ex
801 2308 872 2340 Ho-

173 2368 266 2390 mero
283 2363 318 2390 et
335 2359 408 2390 aliis
421 2357 522 2389 facile
535 2358 722 2399 colligitur.

217 2415 231 2429 ¹¹
255 2409 316 2440 Sed
329 2419 425 2444 nemo,
438 2408 507 2449 &cul
532 2408 618 2440 Haec
635 2407 729 2439 nihili
746 2413 837 2439 sunt.

215 2461 229 2475 V
253 2459 387 2498 Regiam
400 2468 514 2499 quoque
524 2458 708 2500 ‹edific-avit]
735 2458 773 2489 In
786 2467 874 2489 arce.

217 2516 237 2531 w
260 2510 336 2541 Jovi
362 2509 485 2541 Statori
513 2509 616 2550 aram]
655 2510 710 2540 De
741 2518 806 2550 qua
833 2508 875 2540 ad

175 2563 307 2603 Dictyn
325 2571 360 2593 v.

218 2618 233 2633 x
257 2613 297 2643 Ιη
314 2610 479 2642 Poeom'am
489 2609 591 2650 misit]
616 2608 671 2641 Ad
685 2608 877 2641 conducen-

176 2663 236 2694 dos
259 2662 396 2692 milites.
440 2661 583 2691 Paeones
607 2660 694 2690 enim
716 2660 878 2700 Trojano-

177 2723 250 2743 rum
267 2711 364 2743 amici
379 2721 388 2749 ς
411 2715 449 2742 ut
465 2720 567 2751 supra
583 2710 672 2750 apud
693 2710 834 2750 Dictyn.

218 2768 231 2789 Υ
259 2761 434 2801 Dardania,
449 2760 523 2799 Ilia,
538 2760 643 2800 Scaea]
673 2761 726 2791 Ex
750 2760 878 2790 Home-

178 2821 214 2843 ro
230 2816 344 2843 tamen
359 2815 506 2849 constat,
518 2809 712 2840 Dardanias
723 2811 878 2840 etscaeas

179 2861 313 2893 easdem
331 2859 445 2890 fuisse.
484 2859 541 2890 Ita
556 2859 645 2890 enim
665 2859 879 2900 Hesychius:

179 2908 352 2950 Δαρδανίαι,
365 2908 461 2941 πύλαι
476 2908 506 2940 αἱ
527 2909 584 2941 τοῦ
606 2908 713 2951 Ἰλίου,
727 2909 796 2947 ἤτοι
819 2908 881 2940 ἀπὸ

926 1958 1085 2000 Δαρδάνου
1103 1959 1277 1996 κληθεῖσαι,
1292 1957 1370 1989 διότι
1389 1958 1438 1989 ἐπὶ
1464 1957 1523 1996 τὴν
1546 1963 1625 2000 Δαρ·

927 2009 1034 2040 δανίαν
1049 2011 1152 2049 χώραν
1167 2008 1288 2048 ἔφερον.
1331 2007 1392 2039 Τὰς
1413 2007 1446 2039 δὲ
1464 2009 1558 2041 αὐτὰς
1574 2008 1626 2041 καὶ

927 2059 1040 2092 Σκαιὰς
1058 2059 1198 2099 ’Όμηρος
1221 2060 1321 2089 καλεῖ.
1366 2058 1432 2090 Ubi
1456 2059 1626 2098 corrigen-

928 2110 1020 2149 dum,
1047 2114 1085 2140 ut
1111 2119 1164 2140 me
1192 2109 1322 2139 monuit
1349 2107 1488 2139 doctiss.
1515 2109 1628 2139 Dace-

929 2160 1010 2196 rius,
1026 2158 1046 2196 ἢ
1058 2158 1147 2198 διότι,
1165 2164 1199 2189 et
1214 2159 1262 2188 ita
1276 2157 1474 2188 vertendum
1489 2168 1497 2188 ι
1522 2162 1530 2176 ⁴
1544 2159 1629 2190 Dar-

927 2209 1049 2248 daniae,
1067 2213 1174 2249 portae
1198 2207 1266 2247 Ilii,
1280 2208 1333 2238 vel
1358 2217 1377 2237 a
1401 2207 1562 2239 Dardano
1578 2208 1628 2239 sic

927 2263 1071 2298 vocatae‚
1087 2258 1139 2288 vel
1167 2257 1246 2298 quia
1267 2257 1308 2288 ad
1333 2257 1516 2289 Dardaniae
1539 2260 1628 2299 regi-

928 2317 1025 2338 onem
1048 2307 1218 2339 ferebant.
1261 2307 1360 2347 ipsas
1385 2308 1488 2338 etiam
1514 2308 1627 2340 Scaeas

929 2359 1099 2389 Homerus
1117 2356 1242 2388 vocat.’
1276 2358 1320 2388 Et
1337 2357 1390 2387 hic
1409 2358 1500 2388 locus
1516 2358 1628 2389 lucem

929 2408 1064 2449 praebet
1087 2407 1186 2438 alteri
1209 2406 1362 2447 ejusdem
1388 2407 1578 2448 scriptoris,
1595 2408 1628 2438 in

929 2458 1060 2499 Σκαιῇσι
1087 2457 1236 2497 πυλῇσιν.
1270 2455 1326 2486 ubi
1355 2455 1541 2496 subjungit,
1573 2456 1630 2488 τὰς

930 2507 1024 2538 αὐτὰς
1039 2504 1209 2546 Δαρδανίας
1225 2505 1327 2535 καλεῖ.
1358 2505 1367 2521 ‘
1385 2506 1477 2544 [psas
1494 2511 1530 2537 et
1543 2506 1630 2538 Dar·

930 2557 1047 2589 (lanias
1064 2554 1185 2586 vocat!
1233 2554 1404 2585 Homerus
1420 2564 1555 2595 nempe.

973 2614 986 2629 2
1001 2604 1079 2647 [Ut]
1090 2615 1158 2636 cum
1166 2605 1295 2645 graves]
1313 2604 1347 2635 Si
1360 2604 1631 2637 hicinLatinita-

933 2663 1001 2690 tem
1019 2657 1182 2697 inquiras,
1197 2659 1292 2685 certe
1316 2654 1629 2694 inconsequentiam

933 2708 1313 2744 animadvertes,neque
1329 2704 1481 2743 reperies
1496 2714 1562 2744 quo
1575 2715 1632 2736 vo.

932 2767 1005 2790 cem
1022 2758 1031 2775 ‘
1046 2755 1098 2787 ut’
1116 2754 1242 2785 referre
1261 2753 1379 2793 possis.
1413 2753 1523 2784 Deest
1539 2763 1633 2785 nem-

933 2818 974 2848 pe
998 2806 1136 2838 verbum
1162 2805 1171 2821 ⁴
1190 2802 1425 2834 renuntiaret'
1450 2806 1459 2820 ‘
1477 2802 1633 2843 diceret,'

933 2857 987 2888 vel
1017 2855 1137 2887 simile.
1180 2852 1222 2883 Id
1254 2853 1343 2883 enim
1375 2852 1482 2883 voluit
1510 2854 1634 2892 Dares,

934 2908 943 2925 ⁴
963 2906 1046 2938 dicit
1062 2904 1219 2936 Priamus
1240 2902 1326 2934 velle
1351 2911 1387 2933 se
1410 2901 1444 2934 in
1461 2902 1631 2935 Graeciam
