1915 3231
561 293 623 322 DE
656 291 811 322 BELLo
844 290 1072 321 TROJANO
1109 290 1200 319 me.
1233 290 1284 319 11.
1551 278 1635 319 143

183 383 368 426 ficiendo
387 383 626 424 Palamede
647 383 820 433 ineunt;
850 393 967 421 more
998 379 1162 432 ingenii
1190 379 1386 429 humani,
1416 380 1532 432 quod
1555 380 1633 420 im-

183 451 378 491 bellumv
399 451 633 491 adversum
655 450 830 490 dolores
850 447 997 496 animi,
1012 451 1057 487 et
1076 445 1256 487 invidiae
1279 446 1471 498 plenum,
1485 447 1634 486 anteiri

184 529 232 558 se
254 530 281 557 a
298 517 479 557 meliore
500 516 618 558 haud
639 516 771 556 facile
788 515 969 568 patitur.
1006 513 1146 566 Igitur
1161 513 1362 553 simulato
1376 512 1521 565 quodW
1542 511 1635 554 the-

183 596 360 624 saurum
392 588 609 636 repertum
641 584 685 623 in
714 588 849 636 puteo
871 595 971 622 cum
1003 593 1056 621 eo
1077 580 1226 634 partiri
1247 579 1424 628 vellent,
1452 578 1633 619 remotis

181 649 331 704 procul
354 650 570 698 omnibus,
591 649 870 703 persuadent,
900 648 968 688 uti
986 652 997 670 ¹
1031 647 1128 700 ipse
1149 647 1299 700 potius
1321 645 1633 687 descenderet:

183 728 388 768 eumque,
427 715 534 755 nihil
572 716 627 755 de
677 713 852 754 insidiis
902 717 1311 763 summetuentem,2
1362 712 1634 753 adminiculo

180 781 297 822 funis
321 795 468 824 ,usum
508 781 761 834 deponunt3
804 793 857 822 ac
897 793 1079 834 propere
1116 780 1307 832 arreptis
1347 779 1489 828 saxis,
1531 792 1634 832 quae

181 848 345 888 circum
366 851 499 896 erant,
533 847 721 901 desuper
750 848 950 887 obruunt.
1012 846 1084 886 Ita
1105 847 1170 886 vir
1194 846 1386 899 optimus
1408 851 1634 898 acceptus-

182 927 266 968 que
298 915 342 955 in
378 915 590 964 exercitu,
633 914 758 967 cujus
792 926 934 966 neque
970 913 1204 953 consilium
1240 925 1448 965 unquam,
1489 925 1632 965 neque

179 981 320 1022 virtus
336 982 494 1022 frustra
508 982 603 1030 suit,
624 982 949 1022 circumventus
970 992 995 1019 a
1016 979 1176 1032 quibus
1194 979 1369 1019 minime
1392 979 1631 1028 decuerat,³

181 1047 359 1099 indigno
391 1048 525 1088 modo
553 1047 730 1087 interiit.
791 1046 879 1087 Sed
912 1045 1044 1094 fuere,
1076 1045 1153 1098 qui
1183 1045 1281 1098 ejus
1310 1044 1485 1085 consilii
1517 1044 1632 1085 haud

183 1119 409 1166 expertem
442 1113 816 1166 Agamemnonem
849 1112 1063 1160 dicerent,
1101 1112 1158 1151 ob
1200 1124 1392 1152 amorem
1429 1110 1556 1150 ducis
1588 1112 1631 1151 in

182 1180 447 1231 exercitum3
478 1185 522 1220 et
543 1181 647 1233 quia
675 1191 779 1232 pars
812 1178 1009 1219 maxima
1038 1178 1129 1230 regi
1164 1178 1220 1218 ab
1253 1190 1304 1218 eo
1335 1177 1518 1230 cupiens
1549 1181 1631 1217 tra-

184 1245 368 1287 dendum
391 1247 431 1287 ei
452 1247 679 1299 imperium
701 1245 850 1299 palam
882 1245 1206 1298 loquebantur.x
1255 1244 1394 1297 Igitur
1415 1257 1441 1284 a
1462 1244 1630 1284 cunctis

786 1383 1026 1395 eeeeeeeeeeee

184 1474 205 1501 9
239 1471 363 1513 Delph.
391 1473 626 1504 adversum—l
664 1471 787 1513 Delph.
812 1473 923 1502 tin—2
955 1470 1079 1511 Delph.
1108 1469 1190 1501 nihil
1215 1469 1364 1501 insidiose
1393 1472 1631 1502 metuentem.—

834 1599 975 1633 NOTAE

225 1687 239 1703 v
264 1683 437 1724 Imhellum]
458 1683 654 1716 ‘Imbellis’
673 1689 709 1717 et
732 1685 877 1718 ‘Imbel-

182 1732 258 1772 lus,’
271 1737 308 1764 ut
320 1735 328 1750 ‘
339 1734 474 1773 gracilis
486 1733 495 1748 ’
512 1739 547 1765 et
562 1735 571 1752 ‘
582 1735 753 1775 gracilns.'
768 1736 878 1768 Lucil.

181 1784 190 1800 ‘
205 1783 294 1824 quod
331 1784 457 1823 gracila
495 1784 573 1815 est.'
615 1789 624 1802 ‘
637 1786 789 1817 sublimis
804 1786 812 1799 '
841 1791 877 1818 et

181 1834 191 1849 ⁸
202 1832 388 1863 sublimus!
416 1833 551 1864 Lucret.
567 1835 704 1867 Terent.

221 1886 241 1901 w
262 1882 365 1921 Igitur
378 1882 521 1914 simulato
537 1884 629 1924 quod]
646 1885 794 1916 Mortem
812 1886 876 1917 Pa-

180 1931 322 1962 lamedis
352 1931 487 1962 diverse
516 1938 656 1965 narrant
691 1939 849 1967 auctores
867 1946 876 1975 ;

179 1985 293 2012 tamen
319 1981 425 2022 major
446 1991 523 2022 pars
551 1993 617 2015 uno
633 1994 691 2016 ore
708 1986 880 2018 consentit

180 2031 350 2071 Ulyssem,
362 2030 603 2064 frumentatum
614 2034 790 2066 Thraciam
802 2035 879 2066 mis-

180 2090 268 2120 sum,
279 2090 354 2111 cum
368 2081 446 2112 inde
460 2083 541 2113 nihil
556 2083 765 2124 adduxisset,
778 2095 796 2115 a
810 2086 879 2116 Pa-

178 2129 311 2160 lamede
329 2129 549 2162 vehementer
567 2132 779 2173 increpatum
797 2134 878 2166 fuis-

179 2187 237 2217 se;
254 2183 378 2210 etcum
396 2179 525 2212 diceret
539 2181 693 2222 Ulysses,
711 2183 795 2215 adeo
812 2193 877 2215 non

178 2237 254 2259 esse
280 2229 520 2269 negligentiam
547 2241 653 2271 suam,
678 2238 714 2263 ut
735 2242 776 2264 ne
802 2233 876 2273 ipse

179 2279 315 2320 quidem
329 2280 543 2317 Palamedes,
556 2283 582 2313 si
596 2287 768 2324 pergeret,
781 2284 874 2324 quic-

178 2339 277 2371 quam
296 2334 408 2371 posset
424 2331 602 2373 advehere,
619 2333 795 2374 profectus
809 2335 874 2365 Pa-

177 2380 326 2411 lamedes
356 2381 488 2413 infinita
517 2383 690 2414 frumenta
726 2383 875 2415 devexit.

178 2431 252 2462 Qua
266 2430 391 2462 invidia
405 2431 546 2472 Ulysses
556 2433 665 2463 auctis
678 2433 875 2472 inimicitiis,

176 2480 290 2511 fictam
305 2481 498 2521 epistolam,
515 2482 641 2513 Priami
659 2483 807 2522 nomine,
831 2482 873 2513 ad

176 2530 408 2572 Palamedem,
424 2541 485 2572 per
499 2541 598 2572 quam
614 2532 734 2572 agebat
747 2532 874 2572 gratias

177 2580 388 2621 proditionis,
411 2586 446 2612 et
461 2582 747 2613 commemorabat
762 2591 874 2613 secre-

176 2636 247 2662 tum
275 2632 346 2663 auri
371 2632 504 2672 pondus
529 2642 604 2663 esse
629 2632 874 2673 transmissum,

176 2679 273 2711 dedit
290 2683 440 2720 captivo,
457 2686 492 2712 et
507 2691 583 2713 eum
600 2682 633 2712 in
660 2682 782 2713 itinere
800 2683 874 2723 jus-

177 2729 222 2760 sit
237 2731 358 2762 occidi.
402 2731 488 2762 Haec
513 2731 651 2762 iuventa
676 2741 767 2762 more
789 2731 873 2762 mili-

177 2779 234 2809 tiae
250 2780 319 2818 regi
336 2780 451 2811 oblata
467 2785 532 2815 est,
554 2785 589 2812 et
605 2781 694 2812 lecta
711 2781 872 2822 principi-

178 2828 239 2859 bus
267 2831 470 2863 convocatis.
514 2831 608 2862 Tunc
632 2831 772 2872 Ulysses
799 2841 873 2863 cum

934 1695 968 1717 se
986 1685 1159 1717 Palamedi
1176 1685 1292 1716 adesse
1317 1684 1499 1723 simularet,
1524 1684 1581 1724 ait,
1603 1685 1627 1715 si

934 1744 1047 1767 verum
1067 1745 1140 1767 esse
1157 1735 1308 1771 creditis,
1332 1735 1365 1765 in
1384 1735 1532 1766 tentorio
1556 1735 1629 1775 ejus

933 1795 1051 1817 aurum
1069 1790 1255 1826 qnaeratur.
1282 1785 1358 1817 Quo
1371 1783 1474 1823 facto,
1490 1784 1630 1816 invento

930 1845 1026 1875 auro,
1047 1835 1133 1877 quod
1157 1836 1298 1876 Ulysses
1315 1844 1377 1874 per
1393 1838 1540 1873 noctem,
1558 1843 1632 1865 cor·

931 1887 1041 1926 ruptis
1064 1885 1184 1925 servis,
1209 1883 1448 1922 absconderat,
1473 1883 1629 1915 Palame-

931 1935 989 1966 des
1013 1935 1180 1975 lapidibus
1205 1933 1404 1965 interemtus
1425 1938 1491 1964 est.
1533 1934 1630 1965 Serv.

930 1994 970 2017 11.
985 1985 1059 2016 AEn.
1092 1985 1174 2016 Cum
1193 1984 1314 2024 Ulysse
1333 1983 1530 2014 Diomedem
1549 1993 1629 2014 con-

930 2036 1090 2075 spirasse,
1125 2035 1180 2065 hic
1210 2033 1330 2064 scribit
1363 2034 1499 2074 Dictys,
1538 2034 1627 2065 idem

930 2085 1080 2116 Pansan.
1108 2084 1143 2114 in
1170 2083 1338 2114 Phocicis.
1390 2082 1498 2114 Addit
1526 2084 1627 2115 etiam

929 2135 1233 2176 Agamemnonem,
1261 2144 1303 2165 ex
1329 2135 1540 2175 quorundam
1559 2136 1629 2176 opi-

928 2186 1027 2217 nione
1041 2197 1049 2224 ;
1065 2187 1118 2217 cui
1137 2186 1307 2216 consentit
1317 2185 1464 2216 Tzetzes
1480 2189 1515 2216 et
1531 2186 1628 2217 scho-

926 2237 1044 2268 liastes
1063 2236 1246 2275 Euripidis.

970 2291 986 2307 x
1013 2286 1208 2317 Tradendum
1232 2285 1261 2315 ei
1285 2284 1447 2325 imperium
1469 2286 1572 2324 palam
1586 2285 1628 2316 lo-

928 2334 1112 2375 quebantur]
1128 2335 1238 2365 Etiam
1251 2343 1384 2365 causam
1396 2338 1536 2364 narrant
1548 2334 1627 2364 Phi-

930 2385 1062 2416 lostrat.
1075 2385 1108 2415 in
1123 2383 1317 2423 Palamede,
1333 2388 1367 2414 et
1381 2383 1625 2415 Constantinus

929 2434 1119 2465 Manasses.
1165 2433 1326 2464 Scribunt
1352 2433 1438 2463 enim
1456 2432 1625 2465 Achillem

929 2487 963 2514 et
994 2481 1214 2514 Palamedem
1253 2482 1471 2512 amicissimos
1508 2481 1625 2521 fuisse,

928 2542 1061 2574 unaque
1077 2531 1238 2562 finitimas
1248 2532 1361 2572 Trojae
1378 2532 1535 2563 civitates
1552 2542 1625 2564 vas·

926 2587 1035 2614 tatum
1061 2582 1185 2620 ivisse;
1208 2591 1283 2613 cum
1304 2582 1443 2622 Ulysses
1468 2582 1624 2613 Palame-

927 2632 1005 2663 dem
1018 2631 1215 2663 criminatus
1228 2635 1279 2662 est
1294 2630 1384 2671 apud
1397 2630 1625 2671 Agamemno-

926 2690 1015 2721 nem,
1038 2680 1134 2722 quasi
1149 2679 1357 2711 factionibus
1373 2680 1440 2710 suis
1456 2678 1623 2712 Achillem

926 2730 1099 2762 exercitus
1115 2729 1235 2760 ducem
1251 2728 1444 2768 eligendum
1461 2734 1598 2761 curaret
1613 2741 1621 2762 :

927 2790 1032 2822 quare
1049 2784 1227 2811 revocatus
1249 2778 1449 2810 Palamedes
1467 2779 1508 2810 ab
1525 2788 1621 2811 exer-

928 2832 999 2863 citu
1016 2829 1187 2871 lapidibus
1202 2834 1253 2861 est
1270 2830 1481 2861 interemtus.
