1915 3231
262 252 348 293 216
736 261 944 292 Dic‘rYos
979 260 1249 292 cne'rssuffis

263 358 384 398 niam
404 360 571 398 naturae
594 368 818 411 sexusque
839 355 1133 398 conditionem
1154 366 1361 408 superare
1382 366 1491 395 ausa
1511 358 1648 405 esset,
1667 353 1715 395 in

266 423 464 472 fluvium,
498 423 665 477 reliquo
690 423 832 464 adhuc
854 423 910 464 ad
934 420 1283 476 persentiendum
1307 421 1479 474 spiritu,
1502 424 1576 462 aut
1597 420 1718 461 cani·

264 491 348 531 bus
367 490 617 532 dilanianda
642 490 881 544 jaceretur.
938 489 1135 531 Achilles
1159 487 1436 528 interfectam
1466 500 1564 528 eam
1595 499 1718 540 sepe-

263 557 341 598 lire
357 558 556 611 cupiens,
576 570 682 598 mox
717 569 744 597 a
779 556 996 598 Diomede
1027 554 1274 609 prohibitus
1306 557 1389 594 est.
1447 553 1496 594 Is
1522 565 1716 606 namque

264 626 550 676 percontatus
569 623 920 672 circumstantes,
942 621 1151 676 quidnam
1172 620 1226 661 de
1246 633 1299 661 ea
1318 620 1568 662 faciendum
1583 625 1716 670 esset,

264 702 491 731 consensu
515 690 706 730 omnium
737 689 926 743 pedibus
947 692 1176 730 attractam
1199 688 1242 729 in
1263 687 1579 729 Scamandrum
1602 700 1720 741 prae-

268 756 456 810 cipitat;
514 756 687 797 scilicet
723 752 909 809 poena81
947 759 1180 809 postremae
1218 754 1539 808 desperationis
1580 759 1717 807 atque

265 823 484 863 amentiae.
543 822 648 864 Hoc
685 823 820 863 modo
862 822 1138 864 Amazonum
1173 822 1326 875 regina
1360 821 1521 863 deletis
1556 823 1719 876 copiis,

266 890 530 942 quibuscum
552 889 814 930 auxiliatum
838 890 1015 930 Priamo
1039 892 1228 938 venerat,
1251 889 1307 930 ad
1330 892 1599 941 postremum
1619 888 1720 942 ipsa

266 955 568 1008 spectaculum
603 955 781 1007 dignum
814 955 1011 996 moribus
1044 955 1136 995 suis
1171 956 1375 1008 praebuit.
1447 955 1527 1007 [4.]
1556 952 1620 995 At
1651 968 1719 996 se-

266 1022 419 1074 quenti
442 1021 513 1062 die
532 1022 758 1071 Memnon,
779 1021 966 1062 Tithoni
987 1026 1117 1074 atque
1133 1019 1318 1061 Aurorae
1341 1020 1500 1070 filius,m
1529 1021 1718 1073 ingenti-

264 1088 350 1128 bus
371 1087 575 1129 Indorum
608 1091 741 1141 atque
763 1087 1055 1141 AEthiopum¹¹
1087 1087 1230 1140 copiis
1262 1087 1531 1140 supervenit,
1561 1100 1722 1140 magna

264 1154 401 1195 sama:
418 1154 584 1208 quippe
601 1155 646 1195 in
666 1167 799 1195 unum
813 1154 965 1194 multis
980 1153 1173 1195 millibus
1188 1153 1368 1194 armatis
1382 1153 1508 1194 vario
1526 1159 1718 1205 genere,⁹

264 1233 370 1274 spes
389 1221 523 1262 etiam
552 1226 748 1274 votaque
779 1220 834 1261 de
867 1233 915 1261 se
951 1220 1116 1260 Priami
1150 1223 1448 1273 superaverat.
1511 1220 1719 1274 Namque

264 1288 416 1328 omnia
449 1288 617 1329 circum
656 1287 854 1341 Trojam,
887 1290 932 1328 et
961 1286 1076 1328 ultra
1113 1292 1228 1341 qua¹
1261 1286 1349 1327 visi
1388 1290 1580 1340 poterat,
1611 1286 1718 1328 viris

266 1358 399 1408 atque
419 1355 546 1408 equis
566 1354 730 1408 repleta
749 1353 984 1407 splendore
1003 1353 1241 1406 insignium
1261 1354 1568 1407 refulgebant.⁰
1629 1353 1721 1395 Eos

266 1433 418 1461 omnes
443 1421 560 1475 jugis
591 1420 783 1462 Caucasi
814 1420 1010 1460 montisp
1039 1419 1098 1461 ad
1132 1419 1313 1474 Trojam
1341 1419 1495 1461 duxit:
1525 1419 1721 1473 reliquos

266 1500 412 1542 neque
449 1500 629 1529 numero
664 1487 909 1536 inferiores,
951 1487 1158 1540 imposito
1213 1486 1359 1528 Phala
1395 1487 1543 1528 duceq
1584 1491 1722 1540 atque

268 1559 450 1604 rectore,
497 1555 607 1596 mari
643 1554 777 1596 misit.
838 1553 928 1604 Qui
968 1554 1149 1608 appulsi
1181 1553 1423 1604 Rhodum,r
1467 1554 1545 1594 ubi
1586 1553 1724 1595 anim-

872 1660 1112 1674 eeeeeeeeeeee

268 1728 289 1757 8
311 1725 439 1767 Delph.
450 1729 648 1767 paenam—9
670 1726 756 1758 Post
768 1736 881 1766 genere
895 1726 1035 1758 exhibet
1050 1726 1176 1768 Delph.
1193 1735 1311 1758 vocem
1325 1725 1572 1766 insignium—1
1598 1724 1723 1767 Delph-

935 1821 1080 1854 NOTAE

265 1885 325 1925 jus
350 1888 385 1915 et
411 1883 552 1915 formam
577 1885 750 1926 egregiam
774 1885 972 1922 admiratus,
1022 1885 1114 1927 pum]
1137 1885 1236 1925 Virg.
1252 1893 1278 1916 1.
1293 1884 1367 1915 AEn.
1392 1883 1571 1923 ‘ansque
1586 1882 1675 1914 acies
1689 1887 1726 1915 et

270 1934 404 1965 Graecis
420 1933 564 1965 suadere
581 1935 686 1965 voluit
703 1940 740 1966 ut
756 1935 787 1965 ei
805 1936 971 1966 tumulum

272 1987 489 2015 exstruerent
501 1994 510 2022 ;
523 1984 662 2015 cuicum
671 1984 845 2015 Thersites
854 1984 972 2015 adver·

272 2033 477 2073 saretur,0bj
485 2033 657 2074 iceretque
666 2034 709 2073 ei,
716 2034 973 2065 Penthesileam

270 2087 439 2114 mortuam
460 2082 502 2114 ab
527 2092 568 2114 eo
593 2082 799 2122 adamatam,
822 2083 973 2115 Achilles

271 2132 324 2164 ira
339 2136 486 2163 aestuans
502 2141 616 2172 pugno
627 2132 815 2164 Thersitem
829 2132 970 2164 occidit:

272 2182 362 2223 quod
385 2191 476 2223 aegre
498 2180 614 2213 ferens
631 2182 830 2223 Diomedes,
854 2187 973 2223 utpote

270 2232 438 2264 Thersitae
471 2232 752 2272 consanguineus,
790 2232 971 2265 Penthesi-

271 2283 360 2314 leam
386 2281 530 2323 pedibus
556 2287 738 2314 attractam
761 2283 796 2314 in
812 2284 972 2315 Scaman-

273 2332 372 2363 drum
389 2331 597 2372 praecipitat.

320 2381 476 2413 ¹Scilicet
497 2392 589 2422 poena
615 2381 768 2423 [poenam]
802 2381 879 2414 Hoc
905 2392 973 2415 non

273 2432 439 2473 procedit.
466 2431 676 2472 Legendum,
691 2432 700 2448 ‘
715 2431 838 2472 poena,'
851 2432 884 2463 in
898 2442 973 2464 sex-

275 2488 312 2512 to
328 2490 432 2520 casu;
458 2481 511 2511 vel
535 2485 544 2499 ‘
558 2481 591 2512 in
609 2481 767 2521 poenarn.'

317 2536 339 2551 ¹¹²
366 2530 494 2562 Tithoni
515 2535 606 2571 atque
628 2531 763 2562 Aurorae
778 2531 886 2572 filius]
922 2531 977 2563 lta

275 2580 462 2621 scriptores
488 2579 561 2612 fere
586 2590 703 2612 omnes
728 2582 879 2613 tradunt.
920 2582 976 2613 Ti·

277 2631 397 2661 monus
412 2635 526 2661 autem
543 2629 650 2661 frater
666 2629 729 2661 fnit
744 2630 883 2662 Priami.
910 2631 977 2662 Ve-

277 2689 351 2711 rum
360 2679 536 2721 AEschyius
547 2680 740 2712 Memnonis
750 2685 894 2712 matrem
905 2680 977 2713 Cis-

277 2729 362 2760 siam
379 2733 491 2761 vocat.

320 2782 334 2798 ¹¹
359 2778 544 2818 Ingentibus
569 2779 719 2815 Indorum
742 2782 835 2820 atque
851 2780 975 2813 AEthio-

1026 1935 1126 1975 Nigri
1141 1934 1334 1965 Memnonis
1347 1931 1464 1964 arma.’
1508 1932 1630 1963 Diores
1645 1932 1726 1964 scri-

1027 1983 1091 2024 bit,
1119 1984 1336 2014 Memnonem
1363 1981 1501 2022 Trojam
1525 1981 1726 2013 adventasse

1027 2042 1103 2064 cum
1118 2032 1239 2063 decem
1259 2030 1407 2062 millibus
1430 2030 1580 2062 Susianis
1595 2035 1632 2062 et
1649 2031 1728 2063 toti-

1026 2083 1104 2114 dem
1120 2081 1349 2122 AEthiopibus.

1078 2135 1093 2151 ⁰
1115 2130 1283 2171 Splendore
1310 2130 1484 2169 insignium
1512 2128 1726 2170 refulgebant]

1028 2180 1168 2221 Optime
1180 2179 1302 2210 Horat.
1313 2179 1382 2211 Od.
1401 2188 1425 2211 ῐ.
1442 2184 1452 2198 ‘
1465 2180 1578 2210 Sento
1593 2178 1726 2219 fulgen-

1027 2230 1073 2260 tia
1099 2229 1201 2270 signis
1225 2229 1349 2260 Castra
1365 2228 1511 2260 tenent!
1554 2228 1608 2260 Ad
1626 2238 1727 2270 quem

1025 2279 1135 2310 locum
1154 2279 1241 2309 male
1257 2278 1365 2309 multa
1380 2278 1609 2319 Interpretes.

1069 2332 1085 2353 Ρ
1107 2328 1204 2366 Jugis
1231 2327 1364 2358 Caucasi
1387 2328 1518 2369 montis]
1553 2328 1726 2360 Caucasus

1025 2387 1122 2409 mons
1139 2378 1230 2408 inter
1244 2382 1383 2417 pontum
1399 2377 1570 2407 Euxinum
1584 2381 1620 2408 et
1634 2387 1728 2410 mare

1028 2427 1201 2468 Caspium.
1232 2426 1360 2457 Verum
1377 2425 1435 2457 alii
1451 2426 1559 2464 aiunt,
1574 2426 1728 2457 Memno-

1027 2487 1105 2509 nem
1118 2486 1160 2507 εκ
1174 2476 1345 2517 AEthiopia
1356 2475 1559 2507 adventasse
1572 2485 1581 2513 3
1599 2475 1669 2516 aiii,
1683 2485 1727 2507 ex

1028 2526 1147 2566 India3
1171 2526 1227 2557 alii
1242 2525 1401 2566 denique,
1418 2535 1460 2556 ex
1477 2524 1629 2566 Assyria.

1072 2582 1088 2604 ‘³
1111 2577 1214 2611 Phala
1228 2575 1319 2615 duce]
1343 2575 1409 2607 Hic
1427 2575 1505 2606 mihi
1523 2575 1659 2616 quidem
1677 2575 1727 2616 ig·

1029 2632 1130 2659 notus
1147 2632 1211 2658 est.
1236 2624 1393 2658 Sidonius
1410 2624 1488 2665 fuit,
1502 2624 1530 2656 si
1544 2624 1629 2656 fides
1639 2625 1727 2658 Nos-

1030 2682 1095 2710 tro.

1072 2731 1084 2747 ¹
1107 2726 1196 2758 Mari
1220 2725 1319 2764 misit,
1344 2726 1398 2766 qui
1421 2725 1542 2766 appulsi
1563 2725 1726 2767 Rhodum]

1029 2777 1097 2811 Sed
1107 2775 1275 2820 quomodo
1286 2775 1358 2818 ipse
1370 2784 1412 2807 ex
1424 2775 1578 2808 Caucaso
1590 2775 1727 2808 veniens
