1915 3231
519 278 581 306 DE
614 277 769 307 Brinno
801 277 1027 308 TROJANO
1064 278 1157 308 mn.
1192 278 1256 307 vr.
1513 267 1598 310 ‘287

148 370 446 415 vehementius
466 373 650 424 perstat,
682 373 728 410 et
749 382 774 410 e
793 368 966 411 diverso
986 370 1224 423 repellitur,
1256 371 1445 412 clamare
1478 372 1594 412 occi-

147 439 228 492 pit,
260 438 487 491 indignum
520 437 707 486 facinus,
741 437 963 490 prohiberi
985 450 1034 478 se
1066 450 1094 478 a
1122 437 1314 490 parentis
1341 439 1597 491 complexu.

148 505 219 545 Ita
238 503 434 544 credit09
452 503 719 555 Telegonum
742 503 800 544 ad
821 503 1089 544 inserendam
1111 503 1201 544 vim
1231 504 1323 555 regi
1345 504 1596 553 adventare,

146 571 294 611 acrius
324 570 562 611 resistitur:
607 570 714 610 nulli
744 570 911 622 quippe
945 574 1232 623 compertum,
1271 582 1372 610 esse
1412 571 1597 611 alterum

147 637 283 678 etiam
315 635 472 691 Ulyssi
504 636 668 678 filium:
701 641 746 677 at
765 641 776 659 ¹
801 636 996 690 juvenis,
1026 637 1104 676 ubi
1140 649 1186 677 se
1217 636 1519 678 vehementius
1554 644 1599 678 et

146 716 228 757 per
244 704 334 745 vim
363 703 519 758 repelli
541 703 672 752 videt,
703 703 849 744 dolore
868 703 1010 743 elatus
1030 702 1192 743 multos
1212 702 1444 743 custodum
1465 704 1598 744 inter-

146 770 255 821 ficit,
293 774 371 811 aut
408 771 594 822 graviter
632 770 886 811 vulneratos
926 768 1143 810 debilitat.
1203 768 1317 819 Quae
1355 775 1598 823 postquam

149 836 304 890 Ulyssi
325 837 501 890 cognita
522 840 635 888 sunt,
656 837 919 878 existimans
942 835 1154 889 juvenem
1175 848 1201 876 a
1221 836 1488 877 Telemacho
1519 837 1599 877 im-

147 904 349 953 missum,
389 915 591 955 egressus
625 903 841 952 lanceam,
873 915 1006 956 quam
1040 903 1096 943 ob
1129 903 1308 944 tutelam
1345 903 1413 944 sui
1454 916 1599 956 gerere

147 973 450 1020 consueverat,
490 969 719 1010 adversum
752 969 1021 1022 Telegonum
1056 968 1293 1023 jaculatur.
1351 969 1437 1010 Sed
1474 974 1598 1023 post-

147 1049 278 1090 quam
307 1036 562 1090 hujusmodi
593 1036 732 1077 ictum
765 1036 945 1090 juvenis
977 1049 1084 1077 casu
1120 1036 1314 1090 quodam
1347 1037 1599 1090 intercipit‚¹¹

147 1104 247 1157 ipse
278 1103 321 1144 in
348 1107 576 1157 parentem
609 1103 775 1155 insigne
802 1102 1002 1156 jaculum
1039 1103 1210 1152 emittit,
1244 1102 1598 1144 infelicissimum

148 1183 302 1211 casum
336 1169 505 1211 vulneri
526 1174 542 1192 ²
584 1169 947 1221 contemplatus.⁰
1006 1168 1070 1209 At
1099 1169 1176 1210 ubi
1203 1169 1296 1210 ictu
1327 1182 1380 1210 eo
1412 1169 1599 1224 Ulysses

148 1236 356 1286 concidit,
392 1237 600 1288 gratulari
622 1249 718 1277 cum
740 1236 930 1285 fortuna,
961 1236 1244 1290 confiterique
1263 1238 1427 1290 optime
1449 1251 1597 1279 secum

148 1306 294 1343 actum
314 1303 433 1356 quod
465 1316 545 1356 per
565 1302 652 1343 vim
675 1303 846 1343 externi
867 1302 1057 1343 hominis
1076 1303 1349 1352 interemtus,
1370 1304 1598 1356 parricidii

149 1369 314 1410 scelere
345 1369 661 1410 Telemachum
699 1368 978 1409 carissimum
1018 1369 1103 1409 sibi
1136 1369 1424 1410 liberavisset.
1482 1371 1599 1411 Dein

147 1436 364 1489 reliquum
403 1436 545 1476 adhuc
575 1437 790 1477 retentans
825 1435 1043 1488 spiritum,
1075 1435 1284 1488 juvenem
1318 1438 1599 1487 percunctari

148 1502 365 1555 quisnam,
386 1505 430 1543 et
450 1515 509 1543 ex
529 1515 616 1556 quo
636 1507 761 1542 ortus
781 1502 894 1550 loco,
915 1515 963 1542 se
978 1507 991 1531 ³
1014 1501 1134 1542 domi
1150 1501 1354 1555 belloque
1367 1502 1599 1556 inclytump

149 1568 359 1621 Ulyssem
388 1567 561 1610 Laertae
582 1568 720 1608 filium
740 1568 984 1608 interficere
1017 1580 1151 1608 ausus
1184 1573 1320 1609 esset.
1378 1568 1491 1609 Tum
1511 1570 1599 1610 Te-

148 1634 333 1687 legonus
365 1634 542 1687 cognito
576 1639 802 1687 parentem
841 1647 960 1683 esse,
996 1640 1181 1688 utraque
1213 1647 1345 1676 manu
1378 1635 1598 1677 dilanians

149 1705 300 1754 caput,
327 1699 473 1741 fletum
496 1700 588 1741 edit
609 1713 740 1753 quam
761 1700 1070 1749 miserabilem,
1091 1701 1285 1742 maxime
1307 1702 1599 1743 discruciatus

147 1767 204 1807 ob
224 1766 394 1807 illatam
416 1779 495 1819 per
515 1778 561 1805 se
582 1766 696 1818 patri
717 1778 881 1807 necem.
941 1766 1098 1821 Itaque
1112 1767 1285 1820 Ulyssi,
1302 1769 1367 1809 uti
1385 1769 1599 1818 voluerat,

146 1844 308 1873 nomen
327 1845 454 1872 suum
476 1835 610 1884 atque
632 1832 803 1881 matris,
836 1832 1024 1873 insulam
1058 1839 1266 1887 quoque4
1298 1835 1342 1875 in
1366 1848 1456 1889 qua
1476 1840 1598 1877 ortus

147 1905 277 1949 esset,
316 1903 361 1941 et
409 1900 466 1940 ad
514 1903 788 1953 postremum
837 1899 1006 1952 insigne
1044 1900 1188 1954 jaculi
1243 1902 1450 1942 ostendit.
1495 1902 1601 1943 >Ita

149 1965 352 2019 Ulysses,
385 1967 461 2007 ubi
493 1966 579 2007 vim
614 1967 906 2019 ingruentium
939 1968 1210 2008 somniorum
1245 1968 1598 2022 praedictumque

150 2031 206 2072 ab
245 2031 555 2085 interpretibus
588 2032 692 2073 vitae
729 2033 896 2073 exitum
929 2033 1074 2074 animo
1106 2034 1362 2076 recordatus
1398 2039 1479 2085 est,
1506 2035 1600 2076 vul-

759 2171 986 2184 “066“‘9‘0

192 2272 212 2300 9
235 2268 358 2308 Delph.
373 2274 408 2300 et
424 2269 514 2308 vulg.
527 2269 755 2300 creditum—1
783 2269 907 2309 Delph.
930 2270 1078 2301 dem-2
1101 2269 1262 2310 Vinding.
1279 2269 1460 2310 legendum
1484 2274 1602 2301 censet

149 2311 380 2342 vul⁷1e1·ati.—3
408 2309 498 2342 Ante
514 2321 548 2342 se
563 2311 667 2343 habet
683 2312 811 2353 Delpb.
829 2313 957 2352 qut—4
983 2313 1092 2344 Deest
1109 2312 1144 2343 iu
1171 2312 1294 2354 Delph.
1318 2322 1446 2354 quoque,
1467 2317 1503 2343 et
1524 2321 1600 2343 mox

149 2363 206 2394 que
223 2358 299 2395 post
312 2356 477 2393 proveceae.

804 2446 836 2478 N
844 2447 947 2479 OTAE

149 2541 230 2573 Seni
252 2545 366 2572 autem
394 2542 584 2573 accurrenti
608 2542 756 2582 parenti,
779 2542 849 2583 Ipsi
903 2544 990 2575 latus
1006 2543 1161 2573 haustum
1174 2541 1293 2572 fuisse.

152 2601 250 2632 quem
263 2591 452 2632 quaerebat.
467 2593 590 2623 malam
606 2593 745 2624 immisit
760 2602 849 2624 mor·
947 2598 963 2619 Ρ
990 2593 1086 2623 Domi
1115 2592 1249 2632 belloque
1284 2591 1452 2631 inclytum]
1492 2590 1600 2626 Domi,

152 2642 247 2673 tem.'
904 2642 1114 2677 subauditur,
1135 2645 1288 2681 tempore5
1311 2645 1346 2670 et
1369 2640 1424 2670 liic
1440 2639 1601 2671 ‘domus’

195 2696 210 2711 ¹¹
233 2692 415 2733 lutere-ipit]
441 2692 589 2732 Gallice,
603 2692 765 2725 ᾱέιοιινηε.
903 2696 1088 2732 usurpatur
1105 2700 1166 2730 pro
1183 2699 1279 2730 pace.
1325 2689 1395 2721 Alii
1417 2689 1536 2720 melius
1553 2689 1603 2720 di·

196 2746 209 2760 ⁰
232 2742 484 2780 Infelicissimum
508 2752 611 2773 casum
636 2743 758 2773 vulneri
783 2751 854 2773 con·
905 2745 999 2776 cunt,
1015 2740 1024 2756 ‘
1038 2739 1128 2770 domi
1146 2737 1318 2779 bellique.’

152 2793 331 2833 temptatus]
373 2793 573 2834 Lycophron
590 2793 723 2833 scribit,
737 2791 850 2832 Ulyssi
