1915 3231
260 296 317 337 82
845 307 958 337 nun.
991 306 1137 336 siuns

261 416 379 445 nova
398 417 422 445 e
444 404 629 446 stillanti
659 405 839 447 vulnere
861 409 1125 459 emergerent
1149 405 1549 460 capita,sabulatur
1569 404 1709 459 Apol-

261 471 461 512 lodorus.
482 471 694 513 Biblioth.
720 483 773 512 11.

320 537 471 592 Hujus
492 541 639 579 autem
662 538 831 592 Hydrae
854 538 913 579 fel
935 542 1025 580 erat
1056 542 1190 581 tantae
1222 537 1518 591 malignitatis,
1537 542 1590 579 ut
1620 538 1711 592 spi-

263 605 361 645 cula
381 618 436 646 eo
461 605 598 646 tincta
616 605 798 646 vulnera
827 605 1074 658 infligerent
1102 605 1377 646 insanabilia.
1437 604 1623 646 Diodor.
1647 615 1711 645 lv.

262 670 333 711 11.
355 671 574 725 Hyginus.
595 671 665 713 30.
688 671 798 713 Fab.
822 671 1006 722 Seneca,
1036 672 1097 713 H.
1119 672 1220 712 Fur.
1241 671 1366 713 1359.
1397 674 1444 713 ut
1463 675 1506 713 et
1524 671 1713 725 AEschy-

262 737 347 787 lus,
370 738 608 788 Pindarus,
627 741 705 781 &c.

321 804 540 846 Nummus
579 805 651 847 hic
683 810 749 847 est
783 806 1097 856 Phaestiorum,
1132 806 1176 847 in
1217 806 1348 848 Creta
1366 819 1377 858 3
1427 819 1555 860 quem
1591 805 1714 847 dedit

264 872 410 914 Graec.
433 872 625 914 Insular.
644 874 686 915 7.
718 873 834 915 Tab.
866 873 990 914 Hub.
1023 873 1238 925 Goltzius,
1273 879 1320 915 et
1349 874 1448 915 225.
1479 873 1715 915 illustravit

266 939 377 980 Lud.
399 938 621 981 Nonnius.

702 1095 824 1136 XX.
881 1094 1283 1137 EURYPYLUS.

772 1195 880 1237 Lxss.
903 1206 970 1237 1v.
1002 1194 1119 1237 CAP.
1144 1195 1212 1236 14.

267 1320 280 1338 ‘
295 1316 415 1358 Inter
432 1329 531 1370 quae
552 1315 737 1357 nuncius
752 1315 933 1358 Priamo
955 1316 1226 1371 supervenit,
1245 1317 1517 1371 Eurypylum
1529 1317 1716 1372 Telephi

321 1398 376 1425 ex
407 1383 573 1426 Moesia
605 1383 858 1434 adventare,
890 1398 1019 1438 quem
1056 1397 1134 1425 rex
1173 1384 1326 1425 multis
1362 1389 1491 1426 antea
1520 1384 1716 1426 illectum

322 1451 518 1505 praemiis
552 1451 608 1492 ad
643 1454 908 1504 postremum
930 1451 1152 1493 oblatione
1184 1450 1422 1505 desponsae
1445 1450 1730 1503 Cassandrae·

322 1517 683 1560 confirmaverat.'

325 1607 658 1657 EURYPYLUS,
675 1606 791 1647 filius
804 1605 992 1659 Telephi
1008 1611 1053 1647 et
1068 1605 1314 1660 Astyochae
1336 1604 1458 1661 (quae
1480 1618 1605 1647 soror
1619 1605 1717 1647 Pri-

269 1671 378 1726 ami)
406 1676 584 1726 propter
623 1686 814 1714 amorem
838 1672 1099 1714 Cassandrae
1134 1673 1340 1727 Trojanis
1379 1686 1510 1726 opem
1543 1673 1717 1724 ferens3

270 1739 534 1780 adducendo
556 1738 764 1790 Ceffleos,
786 1740 949 1794 quibus
979 1739 1226 1794 imperabat
1247 1741 1305 1782 ad
1327 1739 1512 1781 Caicum
1534 1752 1719 1781 amnem.

270 1805 328 1855 Q.
350 1805 621 1860 Smyrnaeus,
644 1818 713 1848 vl.
734 1807 833 1847 121.

329 1873 436 1913 Fuit
475 1877 620 1914 autem
649 1873 980 1927 pulcherrimus,
1022 1873 1224 1915 Homero
1263 1877 1392 1922 teste,
1433 1873 1551 1927 apud
1591 1886 1719 1926 quem

271 1939 379 1994 (Od.
412 1948 450 1980 λ.
489 1939 609 1994 519.)
657 1941 766 1982 inter
813 1940 1048 1981 infernales
1094 1941 1270 1981 umbras
1312 1941 1504 1981 occurrit
1550 1939 1719 1992 Ulyssi.

273 2007 362 2047 Sed
394 2011 437 2048 et
471 2007 672 2057 bellator,
694 2008 738 2048 in
770 2007 938 2061 praeliis
967 2007 1180 2060 plurimos
1221 2006 1408 2048 Graecos
1446 2006 1719 2056 interimens,

273 2073 543 2127 tandemque
567 2081 711 2114 tamen
732 2075 845 2127 ipse,
867 2073 1034 2127 Pyrrho
1055 2073 1252 2124 feriente,
1274 2074 1555 2114 occumbens.
1594 2073 1720 2115 Idem

274 2139 526 2193 Smyrnaeus
550 2151 638 2180 νη.
658 2139 754 2181 180.

333 2205 529 2247 Cernitur
550 2207 798 2261 Eurypylus
820 2207 864 2247 in
888 2207 1250 2259 Pergamenorum
1283 2206 1581 2257 Numismate,
1604 2206 1721 2260 apud

277 2272 438 2314 Ezech.
473 2273 803 2326 Spanhemium,
842 2275 895 2316 de
934 2274 1069 2314 Num.
1106 2285 1173 2313 us.
1205 2277 1248 2315 et
1284 2273 1518 2314 Praestant.
1542 2284 1586 2312 V.
1621 2273 1721 2314 479.

278 2339 499 2381 Hadriani
520 2339 635 2392 Imp.
657 2343 855 2394 tempore
884 2352 1107 2393 percusso.
1166 2339 1294 2380 Unde
1329 2340 1524 2392 Begerus
1559 2339 1723 2393 Perga-

277 2421 442 2457 menOS,
475 2407 704 2448 Hadriano
736 2408 1125 2461 supparasitanteS,
1145 2406 1330 2460 ejusque
1364 2408 1557 2448 favorem
1588 2420 1722 2448 aucu-

277 2478 450 2529 pantes,
471 2474 515 2514 in
539 2473 769 2527 Eurypylo
799 2473 889 2514 sere
911 2472 1090 2514 Antinoi
1121 2472 1394 2516 dilectissimi
1423 2473 1607 2527 effigiem
1644 2487 1723 2516 ex-

278 2542 513 2597 pressisse,
533 2553 622 2582 non
643 2541 913 2595 ineleganter
945 2540 1140 2595 conjicit.
