1915 3231
572 262 635 291 DE
668 259 826 290 BELLo
860 260 1086 290 TROJANO
1121 262 1215 292 Lm.
1250 263 1299 292 ιι.
1566 254 1642 294 141

197 351 581 403 Maeandriorum,4
614 354 692 407 qui
723 353 892 394 domini
927 353 1124 394 civitatis
1163 354 1294 407 ejus‚⁵
1326 355 1478 396 fideles
1515 362 1648 410 atque

195 419 452 460 amicissimi
474 421 603 461 nobis
625 421 682 462 ad
713 421 797 461 hoc
819 424 994 472 tempus
1021 428 1366 473 permanserant.
1425 422 1531 474 [14]
1566 424 1650 465 Ea·

195 485 296 526 dem
319 489 576 540 tempestate
599 488 828 528 oraculum
853 487 1034 540 Pythii⁰
1057 487 1231 528 Graecis
1249 488 1474 540 perfertur,
1496 502 1650 531 conce-

195 551 384 593 dendum
399 553 454 593 ab
476 555 692 603 omnibus,
709 555 771 595 uti
785 567 861 608 per
875 554 1164 594 Palamedem
1178 553 1381 608 Apollini
1401 555 1620 597 Sminthio
1634 563 1650 587 Ρ

195 619 461 660 sacrificium
475 621 753 661 exhiberetur
769 635 780 662 ι
802 634 901 674 quae
917 634 989 662 res
1004 622 1154 663 multis
1176 627 1298 674 grata
1314 622 1370 663 ob
1388 622 1650 664 industriam

196 689 242 727 et
255 699 447 727 amorem
460 686 556 738 viri,
566 700 695 740 quem
709 687 831 729 circa
843 700 1014 728 omnem
1027 689 1270 729 exercitum
1282 688 1533 738 exhibebat,
1542 702 1650 730 non-

194 753 328 795 nullis
348 753 511 794 ducum
530 753 667 794 dolori
690 754 788 794 fuit.
837 753 1042 796 Ceterum
1063 755 1311 796 immolatio
1329 759 1503 796 centurn
1522 757 1651 796 victi-

194 834 380 871 marum,
406 821 537 862 sicuti
556 821 818 875 praedictum
840 827 949 871 erat,
973 834 1052 875 pro
1072 827 1231 863 cuncto
1251 823 1446 863 exercitu
1469 823 1651 863 exhibe-

193 888 337 937 batur,
351 891 574 941 praeeunte
590 887 773 943 Chryse‘l
788 889 878 930 loci
894 889 1005 943 eJus‘
1019 888 1262 930 sacerdote.
1294 889 1471 930 Interim
1488 903 1531 930 re
1547 903 1650 943 cog-

194 956 288 996 nita
306 954 574 1005 Alexander,
598 961 860 1008 congregata
879 959 1145 997 armatorum
1166 969 1314 1006 manu,
1336 956 1392 997 ad
1414 956 1649 1009 prohiben-

197 1022 302 1063 dum
319 1021 462 1063 venit:
477 1035 577 1062 eum
593 1021 680 1062 duo
701 1021 896 1076 Ajaces‚⁶
920 1023 1175 1076 priusquam
1190 1023 1243 1063 ad
1267 1023 1479 1075 templum
1495 1036 1651 1076 appro-

195 1090 439 1143 pinquaret,
455 1088 694 1129 interfectis
714 1089 915 1142 plurimis
936 1089 1159 1141 fugavere.
1190 1089 1277 1129 Sed
1294 1089 1501 1142 Chryses,
1519 1103 1650 1142 quem

199 1156 477 1197 sacerdotem
510 1156 715 1197 Sminthii
748 1155 976 1209 Apollinis
1013 1169 1150 1210 supra
1180 1156 1390 1205 diximus,
1420 1157 1650 1209 utriusque

198 1223 419 1264 exercitus
454 1222 695 1263 offensamS
725 1226 935 1274 metuens,
978 1224 1204 1277 quisque⁷
1237 1222 1427 1276 partium
1463 1223 1518 1263 ad
1549 1236 1649 1264 eum

827 1352 1002 1365 “““““““
1004 1353 1042 1365 Ν

193 1438 453 1479 perveniunt.—4
481 1438 491 1457 ‘
510 1439 647 1477 Cillam,
662 1439 831 1476 Carenem
850 1439 1020 1470 Neandron
1035 1438 1185 1479 junctim
1201 1441 1365 1469 memorat
1381 1437 1529 1477 Plinius,
1545 1445 1578 1468 v.
1596 1439 1649 1467 30.

199 1482 253 1512 Ex
270 1482 452 1521 Stephano,
470 1491 563 1518 vero,
578 1482 735 1512 Toronen
755 1481 788 1511 in
811 1481 960 1521 Troade,
985 1482 1135 1522 itemque
1153 1481 1348 1511 Neandrium
1366 1480 1436 1510 sive
1453 1479 1650 1510 Neandrium

197 1522 304 1554 fuisse
321 1529 469 1554 constat.
514 1524 579 1556 Qui
601 1524 792 1554 Neandriam
807 1524 910 1554 etiam
928 1523 1073 1554 subinde
1088 1523 1256 1563 corrumpi
1275 1532 1293 1553 a
1308 1522 1530 1561 scriptoribus
1553 1526 1650 1551 nota-

199 1565 250 1596 vit
274 1565 307 1595 in
333 1566 534 1597 Leandriam.
581 1566 703 1596 Strabo
732 1571 768 1596 et
792 1566 915 1606 Scylax
935 1566 1107 1596 Neandria?
1131 1565 1312 1596 Cebrenen
1334 1565 1502 1604 jungunt:
1528 1563 1559 1594 in
1584 1572 1650 1603 qua

196 1607 369 1638 nominum
388 1608 554 1638 varietate
571 1608 775 1638 tutissimum
794 1609 900 1638 visum
923 1614 976 1639 est
994 1608 1048 1638 hic
1066 1607 1148 1638 nihil
1165 1611 1308 1638 mutare.
1355 1606 1449 1637 Med.
1467 1611 1501 1636 et
1526 1606 1650 1636 Venet-

197 1658 262 1690 pro
279 1650 525 1680 Moeandriorum
541 1650 702 1681 exhibent
718 1649 977 1681 Meandrz'orum.’
1002 1649 1235 1681 Obrecht—5
1260 1650 1385 1679 Venet.
1402 1649 1484 1679 Cod.
1503 1648 1554 1687 qui
1578 1657 1649 1678 con-

197 1691 326 1723 termini
338 1692 398 1723 civ.
413 1692 555 1731 qiua—6
577 1692 707 1733 Delph.
721 1702 809 1733 quem
825 1693 946 1733 quidem
960 1691 1073 1731 Ajaces
1088 1693 1222 1724 dum—7
1249 1691 1370 1732 Delph.
1387 1690 1536 1731 quisquis.
1566 1691 1649 1721 Vin·

851 1808 992 1841 NOTAE

239 1893 254 1908 ⁰
278 1887 445 1918 oraculum
461 1884 590 1926 Pythii]
623 1884 789 1925 Apollinis
806 1884 894 1915 scili·

197 1941 266 1970 cet.
310 1938 357 1968 Et
373 1936 543 1967 oraculum
561 1934 645 1966 illud
662 1934 767 1966 fuisse
784 1935 896 1975 suspi-

197 1997 268 2024 cor,
281 1997 347 2029 quo
364 1986 496 2018 Graecis
510 1985 710 2017 edit-ebatur
724 1995 780 2016 eos
795 1985 894 2016 Ilium

196 2047 264 2069 non
298 2042 400 2069 antea
429 2045 620 2071 eversuros,
657 2044 759 2076 quam
793 2044 896 2075 supra

199 2087 337 2127 Chrysae
362 2095 453 2117 aram
482 2084 747 2115 sacrificassent.
794 2083 894 2116 Quod

197 2147 241 2169 ex
271 2137 375 2177 ipsius
412 2135 619 2166 Philoctetae
651 2133 765 2165 verbis
794 2132 894 2164 facile

197 2186 349 2227 colliges,
388 2185 479 2226 apud
517 2185 662 2215 Dionem
694 2184 893 2224 Chrysosto-

196 2246 300 2273 mum,
334 2236 389 2277 qui
415 2244 459 2266 ex
488 2234 660 2274 Euripidis
690 2233 893 2264 Philoctetae

195 2285 323 2321 fabula,
346 2296 420 2327 quae
435 2285 533 2316 hodie
550 2294 616 2315 non
635 2289 744 2322 extat,
760 2283 893 2314 Philoc-

196 2339 301 2367 tetem
316 2345 391 2366 cum
404 2335 527 2375 Ulysse
544 2334 684 2365 absente
701 2334 893 2374 colloquen-

194 2390 265 2417 tem
289 2385 416 2416 inducit
434 2396 440 2413 ε
463 2383 586 2424 ’Ὠσπερ
601 2383 711 2422 ἀμέλει
729 2381 807 2422 κάμὲ
832 2381 893 2422 ἐξέ-

195 2438 301 2474 θηκας,
327 2434 402 2475 ὑπὲρ
427 2436 484 2471 τῆς
509 2435 611 2471 κοινῆς
626 2433 779 2473 σωτηρίας
794 2446 827 2465 τε
843 2433 894 2464 καὶ

194 2485 280 2522 νίκης
314 2483 520 2525 περιπεσόντα
554 2485 628 2521 τῆδε
666 2485 707 2526 τῇ
743 2485 896 2525 ξυμφορᾷ,

195 2535 354 2567 δεικνύντα
367 2535 424 2566 τὸν
434 2534 556 2575 Χρύσης
569 2533 684 2573 βωμὸν,
699 2533 735 2565 οὗ
749 2533 896 2565 θυσάντες

195 2584 359 2627 κρατήσειν
374 2584 508 2624 ἔμελλον
530 2587 593 2616 τῶν
617 2584 785 2623 πολεμίων,
810 2584 837 2615 εἴ
862 2584 896 2615 δὲ

194 2635 250 2675 μὴ,
261 2635 362 2674 μάτην
377 2636 520 2675 ἐγίγνετο
533 2635 553 2674 ἡ
568 2635 726 2677 στράτεια.
763 2636 805 2667 Id
822 2640 894 2666 est:

193 2687 202 2703 ‘
217 2686 354 2726 Quippe
371 2691 466 2718 certe
482 2691 518 2717 et
534 2696 586 2717 me
611 2686 813 2728 exposuisti,
837 2686 895 2726 qui

196 2744 258 2776 pro
281 2737 450 2767 communi
475 2737 585 2767 salute
602 2741 637 2768 et
653 2736 798 2767 victoria
818 2736 895 2767 huic

197 2785 380 2817 calamitati
406 2786 605 2827 incideram,
632 2796 709 2818 cum
734 2785 894 2818 ostende·

949 1893 1020 1915 rem
1046 1894 1139 1916 aram
1163 1885 1316 1926 Chrysae,
1337 1884 1395 1916 ubi
1422 1893 1498 1915 cum
1523 1883 1650 1915 sacrifi-

949 1940 1087 1966 cassent
1104 1934 1234 1974 Graeci,
1256 1933 1408 1965 futurimi
1425 1939 1499 1965 erat
1514 1938 1551 1965 ut
1574 1934 1650 1965 hos-

950 1984 1033 2015 tium
1051 1985 1255 2025 potirentur,
1279 1985 1328 2015 sin
1345 1993 1437 2025 vero,
1448 1983 1576 2015 frustra
1592 1994 1648 2015 co-

950 2039 1048 2065 actus
1066 2035 1265 2066 exercitus!

1002 2089 1019 2110 Ρ
1040 2084 1181 2124 Apollini
1211 2084 1385 2125 Sminthio]
1423 2083 1479 2115 Sic
1506 2083 1599 2115 dicto
1630 2093 1649 2114 a

948 2133 1112 2169 muribus,
1139 2133 1196 2175 qui
1222 2134 1444 2166 Cretensibus
1460 2133 1545 2165 dicti
1562 2132 1649 2171 σμίν-

948 2187 1004 2215 θοι.
1042 2184 1152 2225 Hujus
1168 2185 1375 2225 cognominis
1392 2185 1554 2215 rationem
1570 2184 1648 2214 vide

949 2234 1039 2275 apud
1055 2234 1169 2266 Strab.
1187 2243 1274 2265 xur.
1300 2240 1336 2266 et
1364 2235 1522 2265 Eustath.
1551 2234 1593 2265 Il.
1610 2238 1648 2264 A.

949 2285 1114 2325 templum
1144 2284 1312 2325 Apollinis
1342 2284 1496 2315 Sminthii
1523 2284 1587 2315 fnit
1615 2283 1649 2314 iu

949 2336 1080 2375 Chrysa
1095 2334 1238 2365 Troadis
1262 2334 1360 2372 urbe,
1382 2337 1418 2364 et
1443 2334 1476 2364 iu
1499 2333 1648 2364 Tenedo.

950 2386 1002 2416 De
1019 2385 1123 2425 priori
1141 2384 1289 2424 loquitur
1305 2383 1442 2424 Dictys.

991 2439 1007 2461 q
1032 2433 1163 2475 Chryse]
1187 2435 1241 2464 De
1258 2443 1323 2474 quo
1341 2433 1482 2464 Homer.
1499 2431 1542 2462 11.
1556 2436 1596 2462 A.

992 2489 1004 2505 ¹
1024 2484 1100 2515 Loci
1114 2483 1194 2523 ejus]
1219 2483 1358 2523 Chrysae
1374 2482 1477 2514 urbis.

992 2541 1003 2556 ⁸
1031 2535 1202 2575 Utriusque
1225 2536 1380 2565 exercilus
1403 2532 1570 2574 offensam]
1605 2533 1647 2563 Id

950 2589 1025 2617 est:
1051 2584 1211 2616 offensam
1239 2594 1338 2624 quam
1361 2582 1489 2614 inferre
1510 2587 1649 2622 poterat

950 2640 1094 2676 uterque
1111 2635 1297 2665 exercitus.
1343 2633 1400 2664 Ita
1417 2633 1508 2673 apud
1527 2633 1648 2664 Horat.

948 2685 1094 2716 ‘vulnus
1134 2682 1305 2722 Achillei,'
1339 2692 1413 2723 pro,
1442 2683 1562 2713 vulnus
1600 2683 1643 2713 ab

949 2734 1081 2766 Achille
1098 2734 1241 2765 illatum.
1285 2733 1351 2764 Vel
1378 2732 1490 2773 potius
1515 2737 1646 2763 utrum-

949 2795 1015 2827 que
1032 2785 1222 2818 exercitum
1239 2782 1411 2815 offendere
1428 2787 1594 2815 metuens.
