1915 3231
337 297 396 339 34
689 308 790 339 JAc.
823 308 1078 341 PERlZONlI
1116 309 1444 341 DISSERTATIO

338 402 417 444 sed
452 405 515 444 tot
541 402 670 444 simul
704 404 851 445 ubivis
883 404 1030 445 obviae
1063 404 1182 458 apud
1217 403 1499 457 Septimium,
1532 406 1788 456 argumento

338 469 446 512 mihi
466 474 570 510 sunt
591 468 647 510 ad
668 469 713 510 id
734 471 1026 524 probandum,
1057 471 1175 525 quod
1199 470 1425 512 affirmavi.
1485 469 1574 510 Sed
1605 474 1651 518 et.
1668 470 1789 524 quod

337 539 384 579 in
424 537 572 589 lingua
603 536 765 578 Latina
800 538 857 579 ad
899 538 1073 579 solitam
1108 537 1282 579 Graecae
1322 536 1502 590 phrasin
1541 536 1789 587 formatum,

338 604 456 658 apud
477 617 608 645 unum
641 608 881 654 auctorem,
904 604 979 658 qui
1000 604 1163 645 Graeca
1193 607 1292 645 ante
1313 603 1467 645 oculos
1486 603 1654 654 habuit,
1672 616 1790 657 prae·

338 672 468 724 cipue
487 676 532 711 et
553 671 720 723 saepius
739 670 981 712 adhibitum
995 670 1219 724 reperitur,
1240 670 1376 712 nihilo
1393 671 1538 712 minus
1553 683 1634 724 pro
1660 664 1789 713 Grae-

337 738 479 779 cismo
499 737 650 778 haberi
673 737 818 788 debet,
838 738 947 779 licet
963 737 1082 791 apud
1102 738 1234 779 alium
1254 751 1432 792 quoque
1457 751 1589 779 unum
1611 742 1657 779 et
1676 737 1789 780 alte-

337 818 430 846 rum
465 804 627 855 forsan,
659 810 703 845 et
734 806 873 845 rarius
914 804 1105 858 quidem,
1145 804 1512 858 deprehendatur,
1543 817 1678 858 quam
1708 817 1788 858 pro

339 872 608 913 Hebraismo
630 871 846 925 accipitur
867 872 913 912 in
937 881 1062 912 LXX.
1094 870 1418 924 Interpretibus
1444 876 1490 913 et
1505 870 1785 925 Apostolicis

339 940 532 993 scriptis,
545 939 664 993 quod
686 939 803 992 apud
821 939 920 979 illos
936 939 1087 980 crebro
1103 951 1161 979 ex
1180 951 1264 979 usu
1285 942 1328 979 et
1346 939 1468 991 genio
1492 938 1677 980 Hebraei
1697 951 1788 980 ser-

335 1008 479 1048 monis
510 1006 682 1048 Graecis
712 1006 858 1046 verbis
891 1010 958 1046 est
991 1017 1262 1058 expressum,
1283 1005 1390 1045 licet
1420 1005 1575 1046 similis
1606 1005 1786 1056 locutio,

336 1074 414 1115 sed
433 1073 583 1122 rarius,
606 1072 651 1113 in
683 1072 786 1113 aliis
808 1085 982 1126 quoque
1005 1070 1179 1112 Graecis
1211 1070 1498 1125 scriptoribus
1528 1071 1788 1125 investigari

334 1141 516 1183 tandem
537 1145 615 1181 aut
631 1139 807 1180 ostendi
829 1144 974 1192 queat.

394 1219 521 1248 xvu.
555 1207 721 1248 Verum
739 1207 886 1247 versio
905 1207 1002 1248 haec
1017 1219 1097 1247 suo
1113 1219 1160 1246 se
1178 1204 1344 1247 indicio
1367 1204 1530 1246 clarius
1550 1209 1596 1246 et
1623 1205 1787 1246 certius

334 1275 559 1330 proderet,
591 1274 629 1314 si
656 1274 727 1315 vel
750 1272 937 1314 Graecus
972 1277 1221 1327 superesset
1254 1272 1434 1326 Dictys,
1474 1272 1548 1313 vel
1580 1272 1786 1322 Malelas,

336 1343 413 1397 qui
445 1355 504 1383 ex
527 1354 580 1382 eo
602 1340 844 1382 Historiam
873 1339 1112 1394 Trojanam
1133 1339 1178 1379 in
1196 1351 1321 1380 suam
1343 1339 1491 1381 retulit
1512 1338 1786 1393 Chronogra-

335 1411 499 1464 phiam,
520 1408 692 1449 fidelius
723 1420 824 1448 eum
845 1406 1173 1461 descripsisset,
1193 1420 1273 1447 nec
1300 1407 1527 1448 maluisset
1546 1406 1787 1461 interpola-

335 1483 442 1527 tam,
471 1481 512 1518 et
539 1478 823 1524 contractam,
852 1475 1031 1528 suisque
1062 1475 1223 1525 verbis,
1262 1474 1388 1514 illam
1419 1475 1627 1515 exhibere
1656 1475 1787 1516 nobis

336 1544 603 1586 Historiam.
662 1542 719 1583 Et
752 1546 899 1583 tamen
933 1543 1001 1583 vel
1040 1543 1106 1583 sic
1140 1541 1372 1583 manifesta
1407 1543 1516 1583 satis
1547 1543 1786 1596 reperimus

335 1612 522 1664 vestigia
545 1609 895 1652 concurrentium
917 1609 1047 1650 simul
1070 1609 1269 1659 Malelae,
1292 1613 1336 1649 et
1356 1610 1433 1662 qui
1455 1622 1552 1650 eum
1568 1609 1788 1663 sequitur,

336 1679 539 1726 Cedreni,
562 1691 616 1718 ac
645 1676 787 1717 nostri
819 1676 1034 1729 Septimii,
1066 1677 1109 1717 in
1145 1676 1333 1717 eundem
1364 1676 1523 1717 fontem
1555 1681 1597 1718 et
1618 1676 1786 1718 Aucto-

335 1760 444 1788 rem.
504 1743 655 1786 Veluti
676 1743 848 1797 quando
872 1742 1030 1796 Dictys
1050 1748 1202 1784 noster
1224 1756 1302 1784 seu
1324 1743 1583 1796 SeptimiuS,
1604 1744 1668 1784 ait
1689 1754 1720 1783 1.
1741 1743 1785 1785 9.

337 1813 554 1855 Helenam
600 1815 816 1863 rogatam,
861 1811 872 1830 ‘
891 1822 1010 1862 quae,
1059 1809 1274 1863 cujusque
1309 1809 1453 1859 esset,'
1489 1811 1785 1862 respondisse,

336 1884 351 1903 ‘
367 1878 612 1922 Alexandri
631 1890 679 1918 se
700 1875 888 1925 affinem,
908 1876 1136 1930 magisque
1154 1877 1211 1917 ad
1228 1876 1451 1918 Priamum
1467 1881 1511 1916 et
1533 1876 1786 1928 Hecubam,

338 1961 470 2003 quam
491 1945 548 1988 ad
569 1944 810 1986 Plisthenis
841 1944 956 1984 filios
982 1958 1136 1997 genere
1156 1945 1399 1998 pertinere:
1431 1944 1638 1985 Danaum
1671 1946 1786 1986 enim

337 2019 471 2069 atque
500 2012 746 2066 Agenorem
777 2016 822 2052 et
854 2011 921 2051 sui
955 2015 1001 2051 et
1035 2011 1199 2052 Priami
1230 2012 1399 2064 generis
1434 2015 1638 2052 auctores
1670 2024 1787 2053 esse.

337 2081 547 2134 Namque
577 2092 634 2119 ex
664 2077 871 2118 Hesiona
903 2077 1048 2118 Danai
1082 2078 1172 2118 filia
1203 2083 1246 2119 et
1266 2077 1446 2119 Atlante
1471 2077 1685 2118 Electram
1705 2091 1786 2120 na-

337 2154 446 2198 tam,
464 2159 596 2202 quam
619 2158 678 2186 ex
697 2144 815 2186 Jove
840 2144 1066 2197 gravidam
1090 2145 1345 2186 Dardanum
1367 2145 1583 2197 genuisse,
1605 2157 1666 2185 ex
1695 2158 1787 2199 quo

336 2216 465 2264 Tros,
502 2217 543 2254 et
581 2212 796 2264 deinceps
826 2211 1018 2253 insecuti
1054 2225 1181 2265 reges
1212 2211 1317 2253 Ilii.'
1376 2211 1667 2253 Conferamus
1689 2212 1784 2266 jam

339 2295 439 2324 cum
458 2281 598 2330 hisce,
619 2281 663 2320 in
684 2279 843 2332 quibus
856 2279 994 2320 multa
1008 2283 1106 2320 sunt
1125 2279 1376 2333 singularia,
1391 2291 1490 2332 quae
1511 2278 1629 2332 apud
1649 2279 1786 2321 alium

336 2362 426 2391 non
445 2353 607 2389 temere
630 2346 836 2399 reperias,
859 2344 1086 2396 Malelam,
1122 2346 1197 2400 qui
1222 2358 1270 2386 se
1308 2345 1471 2398 Dictyn
1491 2345 1537 2384 in
1567 2344 1636 2385 his
1656 2346 1786 2399 sequi

338 2415 579 2471 profitetur.
637 2411 773 2465 Apud
794 2424 893 2452 eum
914 2425 1015 2464 ergo
1045 2425 1147 2465 pag.
1168 2412 1268 2453 120.
1327 2411 1501 2452 Helena
1529 2411 1682 2452 itidem
1712 2425 1786 2453 ro-

340 2487 458 2535 gata,
479 2476 620 2530 71'55’1'27,
649 2477 670 2528 ’ὴ
700 2477 804 2518 τίνων
833 2476 1022 2533 ἀπόγονος,
1042 2478 1289 2533 respondet,
1319 2475 1559 2531 Ἀλεξάνδρου
1590 2476 1664 2529 εἰμῖ
1687 2494 1785 2533 συγ-

338 2552 459 2604 γενὴς,
496 2547 559 2588 καὶ
597 2551 746 2599 μᾶλλον
777 2545 969 2600 προσήκειν
1002 2544 1179 2602 Πριάμῳ,
1215 2544 1280 2585 καὶ
1300 2548 1343 2599 τῇ
1372 2544 1534 2598 Ἑκάβῃ,
1565 2546 1629 2584 καὶ
1662 2547 1700 2585 οὐ
1726 2549 1784 2600 τῷ

341 2616 599 2663 Πλειοσθένους
615 2618 680 2669 υἱῷ
704 2613 897 2668 Μενελάῳ.
956 2617 1104 2654 Δαναοῦ
1122 2615 1199 2668 γὰρ
1222 2612 1283 2666 ἔφη
1308 2611 1370 2651 καὶ
1400 2611 1594 2666 Ἀγήνορος
1623 2616 1693 2652 τῶν
1716 2615 1786 2655 Σι-

339 2682 466 2724 δωνίων
488 2683 550 2723 καὶ
570 2683 610 2722 ἐκ
630 2680 754 2737 γένους
767 2685 829 2722 τοῦ
847 2681 1034 2738 Πριάμου,
1052 2681 1162 2734 (lege
1184 2680 1271 2720 εἶναι
1292 2681 1332 2720 ἐκ
1352 2677 1477 2734 γένους
1495 2678 1556 2718 τὸν
1577 2677 1786 2734 Πρίαμον)

341 2751 404 2790 καὶ
426 2752 535 2800 αὐτὴν
556 2749 736 2805 ὑπάρχειν
765 2750 806 2788 ἐκ
831 2754 894 2789 τοῦ
914 2747 1038 2804 γένους
1068 2751 1196 2789 αὐτοῦ.
1272 2747 1349 2788 Ἐκ
1370 2744 1585 2795 Πλησιώνης
1615 2749 1691 2800 γὰρ
1719 2749 1785 2794 τῆς

341 2820 488 2858 Δαναοῦ
509 2815 686 2872 θυγατρός
714 2815 874 2871 ἐγεννήθη
897 2818 913 2856 ὁ
936 2816 1081 2864 ’Ἄτλας
1104 2816 1165 2856 καὶ
1188 2815 1437 2870 ή”Ηλεκτρα,
1471 2814 1508 2863 ἐξ
1528 2812 1566 2862 ἧς
1597 2816 1612 2853 ὁ
1634 2813 1784 2869 Δάρδα-
