1915 3231
137 314 347 347 nic'rYos
378 314 650 345 cRETENsis
685 315 747 344 DE
780 315 935 344 nunno
968 315 1194 346 'PROJANO
1230 317 1321 347 mn.
1357 319 1397 348 v.
1442 309 1526 350 239

81 405 393 455 amicissimos,
412 404 489 458 qui
519 404 621 445 inde
647 404 742 457 jam
774 418 801 446 a
831 404 997 458 Pelope
1028 406 1111 445 orti
1142 406 1367 448 affinitatis
1392 408 1527 449 etiam

73 472 172 527 jure
186 472 314 513 nobis
331 471 554 525 conjuncti
572 476 712 512 sunt.⁶
743 470 949 524 Namque
970 470 1006 510 si
1028 473 1249 524 praeterita
1268 472 1387 513 mala
1408 487 1528 514 sum-

79 539 233 580 matim
263 539 474 591 attingere
496 543 711 592 oporteat,
732 551 784 578 en
815 551 1006 591 unquam
1023 536 1041 562 ⁶
1057 543 1072 559 ⁰
1102 538 1261 579 civitas
1282 545 1433 580 nostra
1454 540 1529 580 de-

78 617 232 658 pressa
262 604 470 646 aerumnis
504 604 561 645 ad
597 604 795 657 requiem
825 604 1000 645 emersit
1015 605 1034 644 ‘l
1093 603 1356 658 Usquamne
1394 607 1527 648 nobis

79 671 255 712 defuere
274 670 417 720 fletus,
437 674 516 711 aut
536 670 673 711 sociis
694 670 936 711 imminutae
959 670 1236 712 calamitates
1254 672 1273 711 'l
1334 671 1528 723 Quando

79 750 166 779 non
186 737 332 787 amici,
352 740 567 790 parentes,
582 737 834 790 propinqui,
849 736 927 777 filii
943 736 1130 790 denique
1146 737 1191 777 in
1209 738 1327 779 bello
1344 740 1527 780 amissi?

79 803 136 845 Et
166 807 214 845 ut
242 815 300 844 ex
331 816 401 844 me
430 803 697 856 reliquorum
736 803 936 844 luctuum
967 803 1220 845 memoriam
1256 818 1528 855 recenseam,

80 870 292 924 quidnam
321 870 366 911 in
396 869 572 911 Glauco
594 869 687 910 filio
715 870 933 911 toleravi?
995 869 1135 924 Cujus
1164 871 1357 913 interitus
1388 885 1529 926 quan·

78 951 208 992 quam
222 938 407 980 acerbus
420 936 538 987 mihi,
555 950 640 978 non
653 943 823 978 tamen⁷
840 938 904 979 ita
922 938 1061 979 dolori
1079 938 1175 988 fuit,
1197 951 1330 992 quam
1351 942 1530 993 tempus

77 1004 204 1055 illud,
223 1017 311 1059 quo
336 1004 574 1058 adjunctus
594 1002 866 1054 Alexandro,
887 1005 945 1046 ad
973 1010 1151 1059 raptum
1170 1005 1358 1047 Helenae
1392 1007 1528 1048 comi-

78 1075 219 1113 tatum
239 1072 308 1113 sui
328 1069 553 1126 praebuit.d
593 1072 682 1113 Sed
704 1073 1022 1126 praeteritorum
1044 1072 1182 1113 saties
1201 1072 1239 1110 :⁸
1260 1073 1420 1114 futuris
1441 1073 1529 1114 sal-

78 1142 168 1179 tem
190 1139 458 1191 parcendum
480 1151 532 1180 ac
549 1139 858 1180 consulendum
879 1143 961 1179 est.
991 1138 1143 1180 Graeci
1162 1139 1361 1181 homines
1381 1145 1530 1181 custo-

78 1204 158 1246 des
178 1205 279 1247 fidei
301 1218 354 1247 ac
374 1205 586 1255 veritatis,
599 1207 823 1259 principes
844 1207 1162 1248 benevolentiae
1180 1211 1194 1228 θ
1215 1211 1347 1261 atque
1365 1207 1530 1248 officio-

78 1283 188 1312 rum.
247 1272 395 1313 Testis
426 1272 494 1313 his
528 1274 663 1314 rebus
690 1272 907 1322 Priamus,
930 1274 1003 1326 qui
1031 1273 1199 1327 inipso
1230 1274 1415 1327 strepitu
1438 1273 1528 1314 dis-

80 1339 331 1380 cordiarum
352 1339 541 1381 fructum
572 1338 744 1381 tamenf
772 1340 1085 1381 misericordiae
1108 1353 1260 1381 eorum
1282 1341 1410 1381 tulit:
1451 1354 1530 1382 ne-

80 1419 164 1460 que
185 1405 410 1447 inferendo
430 1407 595 1447 bellum
623 1407 860 1461 quicquam
887 1408 1009 1460 prius
1037 1412 1324 1449 temeratum⁹
1354 1408 1411 1448 ab
1442 1407 1528 1456 his,

79 1485 212 1526 quam
241 1473 472 1526 perfidiam
502 1473 548 1514 in
578 1473 680 1526 ipsa
709 1473 940 1526 legatione,
963 1473 1235 1526 insidiasque
1262 1475 1318 1516 ab
1338 1475 1529 1515 nostrisg

79 1541 251 1593 experti
281 1544 396 1581 sunt.
456 1540 510 1580 In
531 1553 619 1594 qua
637 1552 696 1589 re,
719 1540 821 1581 dico
850 1540 967 1580 enim
997 1539 1115 1593 quod
1147 1541 1302 1590 sentio,
1324 1540 1529 1582 Priamus

80 1604 260 1659 ejusque
291 1606 370 1647 filii
400 1610 627 1648 auctores:
658 1606 751 1646 his¹
784 1607 918 1647 etiam
949 1605 1260 1654 Antimachus,
1279 1606 1353 1660 qui
1373 1618 1530 1647 recens

79 1672 257 1713 amissis
278 1672 443 1723 liberis,
465 1673 712 1727 iniquitatis
733 1686 826 1714 suae
847 1686 1002 1726 poenas
1023 1673 1117 1714 luit.
1178 1672 1295 1714 Haec
1317 1673 1465 1714 omnia
1486 1674 1530 1713 in

80 1739 262 1792 gratiam
281 1740 472 1781 Helenae
492 1745 633 1792 gesta,
650 1740 823 1781 scilicet
838 1740 933 1793 ejus
948 1739 1158 1788 mulieris,
1177 1752 1309 1792 quam
1330 1753 1383 1779 ne
1405 1739 1530 1780 Grae-

81 1805 122 1846 ci
143 1805 316 1859 quidem
338 1807 531 1860 recipere
561 1806 772 1859 gestiunt.
834 1805 1092 1846 Retineatur
1116 1806 1250 1858 igitur
1276 1806 1321 1846 in
1348 1807 1530 1847 civitate

80 1884 134 1914 ea
152 1872 346 1924 foemina,
358 1873 415 1914 ob
436 1886 568 1927 quam
589 1873 711 1915 nulla
732 1885 856 1926 gens,
873 1872 979 1913 nulli
1001 1873 1156 1926 populi
1172 1873 1303 1914 amici
1325 1885 1532 1926 usquam,

123 2019 138 2034 ⁰
153 2013 279 2045 Durum
293 2017 352 2054 est,
365 2014 492 2054 Trojani
507 2015 664 2055 principes
678 2017 709 2046 et
723 2023 778 2045 vos
791 2013 879 2052 socii,
893 2014 1006 2044 durum
1019 2013 1106 2044 nobis
1128 2012 1237 2044 bellum
1254 2012 1443 2043 commisisse
1462 2022 1532 2042 cum

85 2056 233 2092 Gracia.-
254 2058 308 2088 sed
321 2057 418 2088 multo
432 2057 541 2088 durius
555 2061 586 2088 et
603 2057 759 2088 molestius
773 2066 824 2087 eos
838 2056 925 2087 nobis
943 2059 1070 2096 propter
1084 2056 1241 2086 mulierem
1257 2055 1399 2086 inimicos
1413 2055 1533 2094 suctos,

81 2099 133 2138 qui
148 2103 239 2130 antea
253 2099 341 2130 nobis
354 2109 445 2140 quam
458 2100 593 2131 maxime
607 2099 714 2138 amici,
728 2099 840 2140 quique
847 2098 917 2137 jam
933 2108 1027 2139 usque
1042 2108 1060 2129 a
1078 2098 1191 2139 Pelope
1205 2099 1330 2129 oriundi
1345 2097 1531 2136 consangni-

82 2141 195 2173 m'talis
207 2142 302 2173 etiam
314 2142 434 2174 vinculo
448 2152 502 2174 nos
516 2142 663 2174 attinent.

696 2235 936 2248 eeeeeeeeeee

81 2331 140 2363 que
154 2325 231 2362 post
246 2322 346 2354 hostes
362 2321 396 2353 in
415 2322 606 2363 Delph.-6
629 2322 741 2362 Vulgo
756 2322 955 2362 quanda—7
978 2320 1109 2359 Delph.
1124 2323 1227 2351 tamen
1242 2321 1380 2350 nom-8
1403 2318 1530 2358 Delpli.

81 2365 234 2398 satia—9
256 2364 418 2406 Vinding.
433 2365 614 2406 legendum
632 2369 732 2405 putat
753 2367 908 2396 tentatum
935 2367 990 2395 aut
1014 2366 1127 2394 temere
1151 2363 1329 2393 actum—1
1355 2361 1478 2401 Delph.
1497 2361 1531 2391 in

742 2478 889 2512 NOTAE

124 2560 139 2577 ⁰
161 2556 212 2587 En
226 2556 374 2597 unquam]
399 2555 469 2587 Pro
494 2553 684 2596 ecquando.
718 2553 781 2585 Te·
835 2551 935 2594 primi
953 2548 1223 2582 benevolentiam
1238 2551 1272 2578 et
1288 2545 1400 2578 officia
1420 2547 1535 2588 Troja-

84 2609 173 2637 rent.
194 2606 266 2637 ‘En
291 2615 438 2647 unquam
453 2605 653 2646 injuriarum
668 2603 780 2636 audis·
834 2603 885 2635 nis
898 2601 1142 2642 praestiterant.

85 2655 204 2687 timihi
220 2656 382 2696 scriptam
398 2655 510 2687 dicam
521 2654 543 2686 ?’
882 2651 1058 2683 ‘Fructum
1083 2647 1199 2688 tamen]
1225 2647 1360 2688 Nempe
1385 2645 1533 2678 cadaver

125 2703 141 2725 ἅ
166 2705 355 2736 comitatum
367 2706 416 2736 sui
431 2705 579 2746 pra-buit]
596 2704 714 2737 Quare
728 2713 779 2734 su-
834 2701 1009 2734 Hectoris,

85 2762 149 2793 pra
168 2754 287 2785 retulit
307 2755 445 2796 Dictys,
463 2755 630 2786 Glaucum
647 2764 665 2785 a
682 2757 780 2794 patre
876 2756 892 2778 ε
915 2749 1108 2789 Insidiasque
1130 2747 1169 2779 ab
1193 2746 1326 2788 uostris]
1352 2746 1389 2778 L.
1415 2754 1440 2779 ¹.
1464 2754 1532 2778 non

84 2804 184 2844 Troja
200 2805 331 2844 pulsnm
346 2804 462 2837 fuisse.
834 2803 933 2845 longe
950 2800 993 2833 ab
1008 2800 1117 2832 initio.

128 2858 142 2874 θ
165 2853 328 2895 Ριῆηεὶρεε
343 2854 573 2896 benevolentiae]
591 2854 630 2887 Id
646 2857 711 2896 est,
723 2853 781 2895 qui
