1915 3231
273 349 357 391 332
771 360 984 391 DARE'ris
1016 359 1227 390 PHRYGu

275 467 438 505 ravere,
462 454 579 509 quod
613 466 833 508 nunquam
863 453 1147 508 despexisset
1176 452 1431 508 Trojanos‚'‘
1466 457 1508 496 et
1526 454 1717 508 Argivos

277 521 607 562 desiderasset.y
665 519 774 574 [36]
806 521 997 561 Postera
1027 520 1100 560 die
1131 519 1437 572 Agamemnon
1470 521 1612 574 coepit
1642 533 1719 562 ex-

277 588 460 629 ercitum
478 591 574 629 ante
596 592 760 641 portam
781 587 1011 635 instruere,
1027 590 1072 626 et
1089 586 1321 627 Dardanos
1341 586 1383 627 in
1404 585 1601 640 praelium
1619 600 1721 641 pro-

278 668 450 696 vocare.
510 655 711 695 Priamus
746 653 1008 704 subsistere,
1040 654 1190 694 urbem
1224 654 1391 694 munire
1419 657 1464 695 et
1493 653 1721 707 quiescere

278 735 420 775 usque
451 721 555 762 dum
587 721 894 762 Penthesilea²
930 733 1030 761 cum
1064 719 1370 761 Amazonibus
1404 720 1719 773 superveniret.

279 788 560 829 Penthesilea
578 790 732 841 postea
754 788 1021 841 supervenit,
1043 791 1086 828 et
1105 787 1340 828 exercitum
1361 791 1514 828 contra
1528 786 1720 840 Argivos

279 854 455 896 eduxit:
479 855 530 895 fit
551 854 750 908 praelium
771 855 942 907 ingens,
964 868 1043 907 per
1061 855 1232 907 aliquot
1252 854 1344 895 dies
1365 857 1598 908 pugnatur.
1634 853 1721 895 Ar-

280 922 368 973 givi
402 922 447 961 in
480 921 635 962 castris
667 921 976 973 opprimuntur.
1036 920 1121 960 Cui
1146 921 1225 962 vix
1253 920 1493 962 Diomedes
1523 920 1719 961 obstitit:

277 988 441 1040 alioqui
471 991 618 1028 castra
637 990 874 1036 vastasset,
906 1000 1040 1028 naves
1072 987 1347 1028 incendisset
1368 986 1648 1039 Argivorum,
1677 990 1721 1028 et

279 1055 532 1095 universum
565 1054 807 1094 exercitum
842 1054 1140 1095 devastasset.
1200 1052 1366 1094 Praelio
1396 1053 1581 1094 diremto
1605 1053 1725 1106 Aga-

278 1132 480 1160 memnon
502 1132 606 1160 suos
627 1120 672 1159 in
694 1120 851 1160 castris
873 1121 1040 1160 retinet.
1101 1119 1278 1161 Interim
1308 1119 1590 1160 Penthesilea
1618 1132 1723 1174 pro-

279 1186 344 1226 dit
391 1185 679 1238 quotidieque
717 1185 922 1226 devastat
960 1184 1166 1237 Argivos,
1210 1186 1256 1225 in
1293 1185 1457 1226 bellum
1493 1190 1722 1239 provocat.

279 1250 581 1305 Agamemnon
603 1265 660 1292 ex
682 1251 868 1292 consilio
889 1256 1035 1293 castra
1054 1252 1196 1293 munit
1216 1255 1463 1305 tueturque,
1489 1256 1534 1293 et
1564 1252 1611 1292 in
1633 1253 1724 1293 bel-

280 1318 370 1358 lum
391 1331 479 1358 non
501 1318 678 1372 prodit,³
711 1331 851 1371 usque
872 1318 975 1359 dum
1003 1318 1180 1360 advenit
1201 1318 1430 1360 Menelaus
1451 1331 1549 1359 cum
1569 1318 1723 1373 Neop-

279 1385 454 1425 tolemo.
516 1384 837 1439 Neoptolemus
858 1388 906 1425 ut
926 1384 1108 1426 advenit
1126 1385 1266 1438 patris
1297 1385 1367 1426 sui
1398 1397 1521 1426 arma
1542 1386 1721 1439 accipit,

279 1451 396 1492 circa
412 1452 552 1504 patris
570 1453 783 1493 tumulum
798 1453 1055 1493 lamentatur
1069 1453 1257 1493 clamore
1273 1457 1463 1505 magno.a
1494 1451 1721 1494 Penthesi-

278 1518 352 1558 lea
366 1530 422 1558 ex
441 1518 750 1559 consuetudine
769 1519 908 1559 aciem
924 1519 1114 1568 instruit,
1129 1524 1172 1559 et
1188 1519 1337 1571 prodit
1350 1531 1490 1573 usque
1505 1518 1560 1559 ad
1577 1523 1724 1560 castra

279 1583 558 1637 Argivorum.
609 1584 766 1625 Prodit
787 1584 1123 1638 Neoptolemus,
1146 1585 1447 1639 Myrmidonas
1468 1585 1658 1635 instruit,
1679 1589 1724 1627 et

280 1654 430 1691 contra
445 1651 603 1691 educit.
633 1649 937 1703 Agamemnon
951 1652 1198 1692 exercitum
1210 1653 1398 1693 instruit:
1419 1651 1574 1692 acriter
1588 1651 1721 1693 ambo

280 1716 574 1758 concurrunt.b
603 1717 924 1770 Neoptolemus
939 1723 1125 1771 stragem
1138 1719 1265 1760 facit:
1288 1718 1563 1759 Penthesilea
1572 1731 1724 1759 occur-

278 1782 348 1830 rit,
361 1782 527 1823 fortiter
539 1783 739 1823 cominus
761 1785 893 1825 stetit.
925 1784 1045 1824 Dum
1057 1797 1135 1837 per
1151 1784 1317 1837 aliquot
1330 1785 1422 1825 dies
1439 1783 1596 1825 acriter
1612 1796 1722 1836 pug-

279 1853 506 1899 naverunt,
523 1851 652 1890 ambo
675 1850 839 1890 multos
855 1850 1114 1892 occiderunt.
1174 1850 1453 1891 Penthesilea
1474 1849 1722 1902 Neoptole-

279 1928 394 1955 mum
421 1915 604 1957 sauciat.
663 1915 760 1965 Ille,
780 1916 933 1957 dolore
965 1920 1162 1969 accepto,
1185 1915 1459 1958 Amazonum
1481 1916 1719 1957 ductricem

883 2009 1122 2026 “toaeaeaeeaeoee

322 2080 340 2107 3
366 2076 493 2109 Omnes
511 2086 609 2109 voces
624 2086 641 2108 a
657 2078 793 2118 quotidie
811 2088 916 2121 usque
933 2079 974 2110 ad
989 2081 1095 2121 prodit
1112 2080 1235 2112 desunt
1254 2080 1380 2121 Delph.

927 2175 1073 2207 NOTAE

322 2241 337 2254 λ’
363 2236 451 2271 Quod
472 2246 626 2277 nunquam
651 2239 839 2278 despexisset
867 2238 972 2276 Troja-

278 2285 346 2325 nos]
380 2287 430 2316 Ex
458 2286 607 2318 Homero
635 2294 781 2327 constat,
804 2289 971 2320 Helenam

1029 2239 1144 2271 urbem
1163 2244 1356 2271 retractam.

1068 2295 1080 2309 Ζ
1109 2290 1210 2329 Usque
1224 2290 1295 2320 dum
1311 2289 1524 2330 Penthesilea]
1558 2288 1623 2320 Sed
1641 2293 1719 2320 ante

278 2345 449 2375 nunqnam
478 2336 641 2376 Trojanos
671 2337 889 2378 despexisse:
924 2338 973 2369 ait

278 2385 380 2424 enim,
397 2385 438 2416 Il.
463 2389 495 2416 Γ.
511 2386 552 2416 ad
576 2387 770 2418 Priamum:
793 2387 911 2419 Αἶδοῖός
935 2387 974 2419 τέ

278 2446 327 2470 μοι
342 2434 424 2474 ἐσσὶ,
439 2434 511 2475 φίλε
527 2435 624 2476 ἑκυρὲ,
641 2437 736 2468 δεινός
751 2450 797 2469 τε.
833 2439 842 2456 ‘
860 2438 971 2469 Reve-

278 2485 466 2526 rendusque
489 2486 568 2517 mihi
592 2497 638 2527 es,
658 2487 782 2519 dilecte
804 2497 915 2529 socer,
931 2488 971 2520 ti-

276 2534 509 2575 mendusque.’

320 2589 332 2609 -V
360 2585 403 2614 Et
423 2585 557 2623 Argivos
577 2587 796 2628 desiderasset]
832 2589 883 2619 Ex
901 2589 972 2620 Ho-

278 2641 370 2663 mero
385 2633 416 2663 id
431 2644 565 2675 quoque
576 2638 687 2668 multis
702 2638 793 2669 iocis.
828 2639 872 2669 Et
888 2639 972 2679 ipsa,

277 2682 366 2722 apud
387 2683 582 2723 Euripidem
599 2685 632 2716 in
649 2686 854 2725 Troadibus,
868 2687 916 2718 ait
937 2697 974 2718 se

277 2732 400 2771 saepius
430 2738 505 2772 post
534 2740 677 2765 mortem
705 2736 839 2766 Paridis
871 2737 975 2777 Troja

277 2781 393 2820 egredi
410 2788 570 2821 tentasse,
587 2790 623 2815 et
647 2785 842 2816 Graecorum
861 2792 973 2817 castra

278 2834 457 2868 penetrare
473 2842 481 2870 3
514 2837 548 2863 et
570 2843 646 2864 cum
665 2834 767 2864 etiam
785 2844 843 2873 per
859 2834 972 2865 funem

277 2890 295 2910 e
322 2881 425 2913 muris
450 2881 680 2924 delaberetur,
707 2895 726 2916 a
752 2885 909 2926 vigilibus
937 2886 970 2917 in

1027 2338 1195 2370 ademtum
1246 2339 1431 2370 Hectorem
1483 2339 1720 2379 supervenisse

1028 2389 1290 2425 Penthesileam,
1305 2397 1405 2427 supra
1422 2388 1571 2418 narravit
1585 2388 1721 2427 Dictys,

1026 2438 1200 2479 ipsumque
1224 2437 1420 2471 Hectorem,
1437 2438 1467 2467 ei
1492 2436 1623 2467 obviarn
1643 2446 1720 2476 pro-

1024 2486 1164 2526 fectum,
1180 2487 1221 2518 ab
1238 2485 1370 2517 Achille
1387 2495 1447 2526 per
1461 2485 1600 2516 insidias
1615 2484 1719 2516 inter-

1022 2537 1164 2570 fectum.

1067 2594 1082 2610 ὃ
1103 2589 1306 2619 Lamentatur
1328 2588 1461 2618 clamore
1478 2584 1606 2625 vmgno]
1630 2585 1718 2617 Vide

1026 2639 1114 2679 apud
1133 2639 1273 2678 Dictyn.

1067 2687 1082 2708 Ι)
1104 2688 1230 2719 Acriter
1244 2685 1330 2717 ambo
1345 2683 1545 2724 concurrunt]
1567 2684 1650 2716 Vult
1668 2685 1720 2716 di-

1028 2746 1118 2775 cere,
1147 2735 1435 2775 Agamemnonem
1465 2739 1501 2765 et
1532 2734 1720 2774 Neoptole-

1029 2797 1118 2817 mum
1141 2795 1207 2816 nna
1223 2785 1256 2816 in
1279 2785 1391 2816 hostes
1407 2784 1569 2824 impetum
1586 2782 1719 2815 fecisse.

1025 2834 1091 2866 Sed
1108 2835 1156 2864 ita
1171 2833 1285 2864 scribit
1308 2837 1421 2863 tamen
1445 2833 1580 2872 ineptus
1597 2832 1718 2871 Dares,

1027 2888 1062 2916 ut
1078 2883 1148 2915 sere
1164 2882 1283 2915 credas
1300 2891 1356 2914 eos
1373 2881 1406 2912 in
1424 2890 1459 2912 se
1475 2881 1624 2912 irruisse.
