1915 3231
279 261 363 303 218
743 272 954 303 merres
988 270 1261 303 eRnTENffls

278 368 323 408 in
353 366 485 408 alium
516 364 692 407 modum
728 366 941 407 formatis.
1001 366 1233 407 Scutorum
1262 364 1393 406 etiam
1431 368 1476 406 et
1506 364 1725 418 galearum

278 433 534 476 multiformi
554 433 720 486 specie,
735 432 989 473 horrendam
1009 432 1115 472 belli
1134 431 1292 472 faciem
1314 431 1605 484 praebuerant.
1661 429 1728 472 At

277 500 356 541 ubi
377 500 467 541 triti
488 499 658 552 aliquot
677 497 789 547 dies,
811 503 857 538 et
872 498 997 538 miles
1016 497 1185 538 bellum
1201 497 1340 550 cupit,
1359 496 1488 537 simul
1508 509 1609 538 cum
1627 497 1727 538 luce

277 567 501 608 exercitus
521 565 664 606 omnis
686 565 813 617 signo
835 565 942 605 dato
975 564 1020 604 in
1051 563 1252 617 praelium
1284 563 1476 613 ducitur,
1507 563 1725 618 cumque⁸

275 634 346 674 his
367 633 565 687 Trojani,
593 636 639 673 et
668 632 742 685 qui
775 632 889 672 intra
920 631 1082 672 moenia
1103 631 1217 672 socii
1237 630 1426 671 fuerant.
1486 629 1550 671 At
1570 635 1726 672 contra

275 700 426 741 Graeci
446 698 645 740 instructi
664 711 744 752 pro
766 701 963 751 tempore
985 697 1191 750 opperiri,
1213 697 1431 737 debilitati
1450 696 1726 750 aliquantum

277 768 483 815 animosff
513 770 628 806 metu
648 765 838 817 ingentis
860 769 994 818 atque
1026 765 1236 816 incogniti
1266 763 1422 805 hostis.
1480 763 1619 816 Igitur
1648 763 1726 804 ubi

275 835 390 875 intra
411 833 490 873 teli
514 832 684 885 jactum
707 835 879 872 ventum
901 835 985 880 est,
1016 834 1106 870 tum
1130 843 1234 871 vero
1256 830 1429 871 barbari
1449 830 1641 872 clamore
1660 831 1727 871 in-

275 901 393 952 genti
410 912 463 940 ac
485 899 681 947 dissono,
712 898 848 938 ruinae
879 897 925 937 in
956 896 1136 937 modum
1162 897 1435 950 irrumpunt:
1466 897 1601 938 nostri
1621 909 1727 938 con-

274 965 432 1006 firmati
463 966 573 1006 inter
604 977 668 1013 se,
700 963 811 1004 satis
844 962 1028 1016 impigre
1058 962 1146 1002 vim
1177 962 1368 1003 hostium
1400 968 1727 1005 sustentavere.

275 1032 364 1073 Sed
397 1035 635 1085 postquam
657 1029 776 1070 acies
796 1034 1019 1070 renovatae
1041 1033 1174 1081 atque
1193 1029 1237 1068 in
1259 1029 1454 1069 ordinem
1475 1029 1723 1071 reformatae

274 1102 389 1148 sunt,
420 1102 463 1138 et
477 1097 574 1150 jaci
593 1096 695 1136 hinc
719 1098 852 1148 atque
871 1095 972 1136 inde
991 1095 1079 1136 tela
1101 1107 1296 1147 coepere,
1319 1095 1479 1136 cadunt
1499 1096 1725 1150 utriusque

273 1164 496 1205 exercitus
529 1162 704 1216 plurimi
722 1174 731 1202 :
763 1174 904 1215 neque
937 1161 1037 1201 finis
1068 1160 1133 1210 fit,
1169 1160 1317 1214 quoad
1351 1160 1564 1202 Memnon
1598 1174 1725 1203 curru

273 1234 446 1278 vectus,
480 1228 678 1269 adhibito
708 1239 856 1268 secum
877 1221 1116 1268 fortissimo
1137 1239 1326 1280 quoque,
1356 1227 1524 1268 medios
1544 1227 1727 1270 Graeco-

272 1310 366 1338 rum
387 1295 572 1344 invadit,
603 1295 791 1348 primum
812 1306 1034 1348 quemque
1055 1294 1237 1334 obvium
1257 1293 1463 1344 fundens,
1493 1299 1570 1336 aut
1603 1296 1727 1337 debi-

272 1364 417 1404 litans.
478 1361 551 1403 Ita
563 1360 659 1415 jam
678 1361 908 1415 plurimis⁹
933 1364 1176 1402 nostrorum
1197 1360 1450 1411 interfectis,
1472 1361 1624 1413 duces,
1646 1364 1725 1405 ubi

271 1430 446 1470 fortuna
465 1429 572 1470 belli
592 1441 732 1479 versa,
761 1440 904 1481 neque
925 1439 1027 1482 spes
1045 1428 1213 1481 reliqua
1233 1428 1320 1468 nisi
1340 1428 1386 1468 in
1406 1428 1509 1481 fuga
1529 1434 1611 1479 est,
1632 1430 1725 1472 vic-

271 1497 431 1537 toriam
453 1507 725 1536 concessere.
784 1495 852 1535 Eo
875 1494 946 1536 die
965 1495 1154 1536 incensae
1178 1508 1315 1536 naves
1337 1494 1609 1549 deletaeque¹
1631 1509 1726 1538 om-

272 1576 352 1604 nes
372 1563 528 1613 forent,
543 1563 589 1603 ni
609 1575 702 1603 nox
722 1561 966 1616 perfugium
986 1562 1282 1603 laborantium
1306 1562 1559 1615 ingruentes
1577 1562 1724 1605 hostes

273 1630 330 1670 ab
360 1629 556 1683 incoepto
578 1629 883 1670 cohibuisset:
912 1632 1038 1671 tanta
1068 1630 1110 1670 in
1145 1629 1379 1669 Memnone
1411 1629 1608 1670 bellandi
1637 1630 1722 1681 vis,

272 1695 534 1749 peritiaque,
550 1700 594 1736 et
612 1695 776 1736 nostris
797 1695 996 1737 adversae
1017 1701 1124 1737 res.y
1169 1695 1249 1750 [6.]
1262 1695 1401 1748 Igitur
1415 1695 1581 1747 Graeci,
1601 1701 1725 1750 post-

272 1775 404 1815 quam
424 1763 596 1816 requies
617 1766 699 1811 est,
729 1762 922 1815 perculsi
945 1762 1059 1803 inter
1080 1775 1144 1812 se,
1174 1775 1227 1803 ac
1249 1774 1430 1803 summae
1451 1775 1593 1804 rerum
1614 1764 1724 1805 diffi-

273 1828 440 1878 dentes,
472 1842 549 1882 per
569 1828 817 1869 universam
839 1832 1015 1870 noctem
1037 1842 1150 1882 quos
1171 1830 1214 1869 in
1235 1829 1355 1870 bello
1377 1829 1626 1880 amiserant,
1655 1844 1724 1871 se-

273 1895 451 1948 peliere.
510 1894 628 1935 Dein
647 1894 879 1934 consilium
900 1894 1034 1935 futuri
1057 1896 1307 1936 certaminis
1327 1895 1559 1937 adversum
1581 1897 1726 1938 Mem-

272 1974 430 2002 nonem
462 1961 635 2001 ineunt:
665 1973 718 2001 ac
751 1960 896 2013 placet
926 1965 1043 2002 sorte
1063 1962 1163 2014 eligi
1184 1975 1344 2002 nomen
1365 1962 1518 2004 ducisz
1548 1976 1646 2004 cum
1668 1976 1723 2005 eo

272 2026 491 2067 bellaturi.
529 2026 656 2066 Tunc
672 2025 972 2078 Agamemnon
995 2027 1254 2069 Menelaum
1274 2029 1476 2082 excipit,³
1497 2029 1722 2084 Ulyssem,

274 2093 613 2134 Idomeneumz²
634 2092 896 2146 reliquorum
917 2105 1014 2134 sors
1036 2094 1106 2146 agi
1128 2099 1294 2147 coepta,
1315 2095 1495 2149 Ajacem
1517 2095 1723 2137 Telamo-

874 2210 1114 2223 eeeeeeeeeee

275 2286 378 2318 habet
393 2285 517 2325 Delph.
531 2285 680 2316 aliis.—8
705 2285 888 2317 Omittitur
903 2287 936 2318 in
952 2287 1080 2326 Delph.
1099 2287 1217 2317 vocula
1240 2297 1297 2326 que
1313 2291 1388 2328 post
1403 2298 1472 2319 cum
1488 2293 1523 2320 et
1539 2299 1617 2321 mox
1630 2293 1723 2332 atque

274 2332 352 2370 post
365 2330 597 2359 renovatoe.—9
620 2328 746 2369 Delph.
760 2329 948 2369 primis.-l
974 2329 1101 2370 Delph.
1115 2330 1299 2370 delectoeque
1314 2333 1486 2363 naves.—2
1509 2333 1633 2373 Delph.
1650 2333 1722 2364 Ido-

924 2433 1065 2465 NOTAE

315 2500 331 2515 Χ
353 2495 523 2527 Debilitati
537 2494 669 2534 animos]
697 2494 970 2535 subintelligitur
1023 2494 1119 2527 Idem
1137 2495 1324 2527 Cedrenus.
1370 2495 1434 2526 Sed
1457 2505 1500 2527 ex
1515 2496 1578 2528 boc
1595 2507 1723 2531 nostro.

273 2544 471 2585 praepositio
494 2545 503 2561 ‘
520 2553 581 2584 per
592 2544 599 2557 '
623 2544 676 2574 vel
698 2543 789 2575 κατά.
1067 2549 1082 2565 ³
1093 2544 1304 2583 Agamemnon
1314 2544 1490 2575 Menelaum
1500 2546 1633 2586 excipit]
1647 2547 1723 2579 Me·

315 2599 328 2620 5
354 2595 398 2625 Et
412 2593 527 2625 nostris
540 2594 670 2624 adversa
684 2593 749 2634 res]
787 2594 970 2635 Scripsisse
1023 2596 1111 2625 neiai
1122 2599 1248 2625 sortem
1259 2594 1428 2633 extraxit3
1444 2595 1576 2636 Ulyssis
1588 2596 1724 2630 Idome-

273 2643 393 2674 debnit
406 2643 541 2681 Dictys,
554 2643 563 2659 ‘
577 2647 613 2673 et
629 2643 751 2674 nostris
766 2648 834 2675 tam
851 2644 972 2676 adver·
1023 2654 1119 2684 neus,
1142 2644 1347 2684 reliquorum
1372 2644 1442 2675 alii.
1487 2644 1556 2675 Sed
1580 2645 1722 2686 Ajacem

274 2702 320 2722 sae
350 2691 429 2723 res.'
482 2691 525 2722 Id
556 2692 646 2723 enim
678 2692 851 2724 scribendi
882 2696 969 2726 ratio
1024 2702 1096 2724 sors
1121 2693 1263 2733 delegit,
1289 2693 1415 2734 quippe
1443 2703 1519 2734 quae
1547 2695 1667 2728 ultima
1687 2698 1722 2729 in

274 2741 407 2772 clamat.
1024 2743 1121 2782 galea
1138 2742 1277 2773 restitit.
1322 2743 1366 2773 Et
1383 2742 1431 2774 ita
1447 2743 1501 2775 hic
1513 2744 1607 2776 locus
1622 2746 1723 2778 intel-

318 2795 329 2809 ⁷¹
352 2791 398 2821 Ac
422 2790 521 2830 placet
546 2795 627 2822 sorte
654 2791 730 2829 eligi
747 2801 852 2824 nomen
867 2793 968 2833 ducis]
1023 2793 1176 2835 figendus
1192 2797 1256 2825 est.
