1915 3231
535 304 597 333 DE
632 303 787 333 BELLo
821 301 1047 332 'I'ROJANO
1083 302 1175 331 Lm.
1212 303 1261 332 11.
1534 292 1617 334 183

172 400 439 450 postremum
471 401 576 446 orat,
598 410 652 436 ne
682 409 836 449 preces
865 395 1074 444 omnium,
1096 408 1203 435 neve
1236 395 1411 436 oblatas
1440 396 1617 449 nuptias

173 465 503 515 aspernaretur3
535 475 727 516 moxque
747 474 895 503 eorum
917 461 1110 502 omnium
1143 474 1241 514 quae
1268 474 1352 502 una
1382 462 1620 502 offereban-

170 534 241 569 tur
258 529 628 569 enumerationem
648 529 768 569 facit.
833 527 940 578 [51]
970 528 1086 569 Tum
1102 525 1315 578 Achilles,
1334 528 1508 580 longam
1524 541 1619 568 ora-

170 597 332 637 tionem
354 601 571 645 exorsus,r
592 596 785 649 primum
808 596 1001 637 omnium
1023 600 1126 636 acta
1148 599 1361 649 gestaque
1381 607 1464 635 sua
1482 607 1622 648 expo-

172 675 297 712 nere;
329 675 382 703 ac
413 662 514 702 dein
546 662 795 711 admonere,
825 666 1014 715 quantas
1051 674 1271 702 aerumnas
1300 674 1380 714 pro
1411 661 1620 701 utilitate³

171 729 364 770 omnium
386 729 628 782 pertulerit,
650 741 759 781 quas
782 729 991 770 civitates
1015 741 1249 782 aggressus
1272 729 1465 781 ceperit:
1487 741 1621 768 cunc-

172 796 232 836 tis
253 796 420 836 interim
443 796 837 849 requiescentibus,
872 795 969 849 ipse
990 796 1166 845 anxius,
1188 808 1240 836 ac
1262 795 1355 836 dies
1380 798 1622 847 noctesque

173 862 289 902 bello
318 862 537 903 intentus:
570 866 615 903 et
649 874 750 902 cum
789 874 934 914 neque
971 861 1191 903 militibus
1224 862 1330 912 suis,
1364 875 1502 915 neque
1539 861 1625 901 sibi

176 929 272 982 ipse
293 933 509 982 parceret,
531 928 809 982 asportatas8
827 929 1106 970 nihilominus
1129 929 1302 983 praedas
1324 929 1368 969 in
1392 940 1624 969 commune

175 994 353 1035 solitum
386 995 608 1048 redigere:
651 1009 731 1048 pro
766 995 866 1048 quis
907 995 1051 1036 solum
1086 996 1283 1036 omnium
1319 1008 1367 1036 se
1409 994 1629 1042 electum,t

175 1060 250 1113 qui
276 1065 365 1101 tam
398 1062 588 1114 insigniu
621 1061 781 1115 injuria
814 1061 1204 1104 dehonestaretur:
1247 1062 1394 1103 solum
1420 1061 1485 1102 ita
1518 1073 1629 1101 con-

175 1130 370 1177 temtum,
395 1141 422 1169 a
443 1141 532 1181 quo
555 1127 861 1182 Hippodamia
881 1132 946 1170 tot
966 1128 1165 1169 laborum
1187 1129 1378 1183 pretium
1398 1140 1478 1182 per
1497 1127 1627 1167 dede-

177 1199 291 1233 cus⁹
325 1195 669 1237 abstraheretur:
713 1208 856 1248 neque
888 1196 932 1235 in
965 1209 1020 1236 ea
1047 1196 1180 1249 culpa
1214 1195 1357 1236 solum
1389 1207 1486 1235 esse
1509 1192 1627 1246 Aga-

177 1272 465 1311 memnonem,
497 1262 574 1302 sed
594 1262 786 1302 maxime
808 1265 976 1303 ceteros
997 1262 1200 1312 Graecos,
1226 1264 1317 1316 qui,
1349 1263 1626 1303 immemores

177 1326 503 1377 beneficiorum,
555 1329 861 1370 contumeliam
915 1343 1041 1370 suam
1091 1330 1269 1371 silentio
1322 1326 1627 1383 praeterierint.

178 1392 420 1446 Postquam
442 1394 568 1435 finem
590 1395 799 1447 loquendi
814 1395 936 1445 fecit,
961 1396 1218 1447 Diomedes,
1240 1400 1252 1418 ‘
1268 1392 1527 1443 Praeterita:
1549 1393 1626 1441 ait,

178 1462 191 1480 ‘
205 1461 440 1501 omittenda
454 1467 573 1510 sunt,
588 1475 729 1514 neque
743 1466 916 1515 oportet
934 1463 1193 1516 prudentem
1212 1462 1466 1504 meminisse
1486 1465 1629 1501 trans-

178 1532 391 1576 actorum,
425 1528 602 1580 quando
634 1541 703 1577 ea,
733 1530 817 1569 etsi
848 1529 1041 1569 maxime
1073 1529 1247 1581 cupias,
1277 1539 1471 1581 nequeas
1500 1538 1629 1566 revo-

179 1592 305 1632 care.'
337 1594 513 1636 Interea
535 1595 744 1644 Phoenix,
763 1599 807 1636 et
827 1609 923 1636 cum
945 1608 996 1635 eo
1012 1595 1258 1644 Patroclus,
1276 1595 1630 1640 circumstantes,

176 1672 309 1711 genas
341 1666 475 1714 atque
501 1675 674 1703 omnem
699 1662 862 1704 vultum
876 1662 1053 1715 juvenis
1075 1661 1342 1710 adosculari‚
1372 1672 1507 1700 manu
1527 1670 1631 1699 con·

784 1779 998 1792 ”uemaeee
1001 1781 1019 1791 e

329 1858 348 1885 8
373 1855 497 1896 Delph.
514 1859 771 1897 apportatus—9
794 1856 928 1888 Desunt
943 1856 976 1887 in
993 1856 1116 1897 Delpln.
1130 1865 1230 1888 voces
1242 1865 1299 1897 per
1310 1856 1450 1887 dedecus.

833 1974 865 2006 N
871 1973 974 2006 O'rAE

175 2034 276 2065 etiam
297 2034 334 2065 iis
349 2038 446 2076 quae‚'
467 2038 532 2068 διο.

219 2088 230 2103 Γ
256 2084 396 2123 Longam
415 2086 585 2117 orationem
611 2087 754 2128 exorsus]
789 2088 873 2119 Eam

176 2133 253 2164 vide.
276 2134 365 2174 apud
393 2135 531 2167 Homer.
553 2136 596 2167 ΙΙ.
613 2141 638 2167 1.
684 2138 770 2169 Nam
788 2148 873 2178 prae-

176 2185 277 2224 cipua
322 2189 454 2216 tantum
499 2187 613 2227 capita
658 2189 874 2230 persequitur

178 2234 311 2274 Dictys,

218 2289 230 2303 ³
253 2284 394 2319 Quantas
408 2295 559 2317 (erumnas
580 2295 635 2326 pro
656 2287 796 2318 utilitate
811 2297 873 2318 om-

175 2334 271 2369 nium,
286 2335 354 2375 &eff
394 2335 445 2367 Ex
471 2336 535 2366 illis
554 2336 719 2368 Homeri:
748 2336 809 2368 d*5¹25
823 2337 873 2368 καὶ

177 2384 238 2421 ἐγὼ
262 2383 385 2415 πολλὰς
404 2383 463 2423 μὲν
485 2384 617 2416 ἀΰπνους
640 2385 755 2418 νύκτας
775 2388 873 2428 ἴαυον,

171 2434 296 2472 ’Ἤματα
319 2435 345 2465 δ’
367 2435 555 2473 αἱματόεντα
579 2436 764 2477 διέπρησσον
777 2443 873 2468 πολε-

174 2484 283 2525 μίζων,
297 2484 438 2527 Ἀνδράσι
453 2486 652 2528 μαρνάμενος,
675 2487 771 2529 ὀάρων
786 2487 875 2519 ἕνεκα

176 2534 363 2574 σφετεράων.
400 2535 528 2567 Δώδεκα
553 2537 590 2574 δὴ
619 2537 677 2568 σὺν
704 2537 792 2576 νηυσὶ
819 2538 875 2568 πό·

175 2590 242 2615 λεις
265 2584 396 2625 ἀλάπαξ’
420 2585 591 2626 ἀνθρώπων,
606 2586 706 2627 Πεζὸς
721 2588 746 2618 δ’
764 2586 874 2618 ἕνδεκά

178 2641 256 2674 φημι
286 2636 366 2666 κατὰ
396 2635 506 2675 Τροίην
532 2635 693 2677 ἐρίβωλον·
730 2636 817 2668 Τάων
840 2639 875 2667 ἐκ

176 2684 299 2716 πασέων
313 2685 456 2724 κειμήλια
470 2687 577 2718 πολλὰ
599 2688 648 2718 καὶ
672 2687 770 2719 ἐσθλὰ
791 2688 873 2727 Ἐξε-

176 2732 286 2771 λόμην,
317 2734 367 2765 καὶ
403 2734 506 2767 πάντα
539 2736 639 2778 φέρων
670 2737 874 2778 Ἀγαμέμνονι

178 2782 289 2814 δόσκον
302 2785 450 2826 Ἀτρείδῃ,
463 2789 527 2818 &c.
560 2791 569 2804 ‘
582 2787 638 2818 Sic
656 2793 690 2819 et
707 2798 770 2829 ego
787 2789 870 2819 mul-

179 2838 229 2863 tas
247 2833 413 2866 insomnes
430 2841 545 2866 noctes
562 2836 709 2877 traduxi,
721 2838 868 2879 Diesque

927 2042 1087 2070 cruentos
1111 2036 1210 2077 exegi
1237 2036 1362 2068 bellum
1385 2044 1520 2075 gerens,
1544 2036 1628 2067 Cum

928 2090 1008 2120 viris
1026 2097 1178 2129 pugnans
1195 2096 1335 2118 uxorum
1353 2086 1464 2126 gratia
1479 2095 1627 2116 suarum.

927 2139 1119 2170 Duodecim
1147 2137 1289 2169 navibus
1316 2136 1473 2167 civitates
1498 2136 1630 2166 vastavi

927 2189 1112 2227 hominum,
1147 2186 1315 2218 Pedester
1345 2195 1424 2216 vero
1461 2185 1630 2223 undecim,

928 2239 994 2278 aio,
1010 2239 1101 2270 circa
1123 2237 1258 2277 'frojam
1283 2235 1452 2276 glebosam
1468 2247 1474 2265 :
1505 2235 1568 2266 His
1586 2245 1629 2265 ex

927 2288 1080 2319 omnibus
1097 2297 1151 2318 res
1176 2287 1341 2327 pretiosas
1366 2286 1489 2316 multas
1517 2289 1552 2315 et
1579 2285 1629 2315 in-

928 2338 1053 2378 signes,
1076 2336 1227 2375 Abdnxi,
1249 2340 1284 2366 et
1307 2335 1419 2365 onmia
1442 2334 1555 2365 ferens
1581 2335 1627 2365 Α-

926 2385 1138 2427 gamemnoni
1155 2385 1246 2424 dedi,
1261 2383 1415 2422 Atridae‚’
1427 2385 1492 2414 διο.

968 2438 978 2457 t
1001 2435 1108 2466 Solum
1121 2435 1256 2465 omnium
1270 2443 1302 2464 se
1317 2432 1460 2473 electum]
1486 2433 1629 2465 Homer.

923 2486 1016 2525 Ἐμεῦ
1053 2485 1078 2516 δ’
1107 2484 1167 2515 ἀπὸ
1203 2483 1318 2522 μούνου
1347 2483 1481 2521 Ἀχαιῶν
1511 2483 1626 2519 Εἵλετ’,

926 2535 994 2576 ἔχει
1010 2535 1035 2566 δ’
1050 2534 1172 2574 ἄλοχον
1186 2531 1331 2573 θυμαρέα.
1371 2534 1379 2550 ‘
1395 2532 1425 2563 A
1442 2542 1494 2564 me
1512 2538 1626 2564 autem

923 2587 993 2617 solo
1011 2585 1213 2617 Graecorum
1230 2582 1386 2614 Abstulit
1410 2592 1544 2621 munim,
1567 2583 1626 2613 ha-

925 2637 1049 2677 betque
1066 2643 1206 2665 uxorem
1222 2642 1330 2663 meam
1348 2632 1426 2663 mihi
1444 2633 1600 2672 gratam!

969 2691 982 2706 ¹¹
1004 2684 1144 2724 Insigni]
1183 2683 1328 2722 Insignis
1344 2682 1378 2712 in
1396 2682 1518 2713 bonam
1539 2688 1574 2713 et
1591 2683 1624 2713 in

924 2737 1042 2768 malam
1071 2738 1202 2775 partem
1233 2732 1371 2764 dicitur.
1428 2733 1475 2763 Ut
1505 2732 1558 2765 hic
1590 2733 1624 2764 in

925 2787 1061 2818 malam.
