1915 3231
329 295 357 336 8
796 306 1047 338 Josnpnus
1080 306 1327 337 scAnicER

329 401 443 442 trina
474 399 606 453 primi
627 400 727 441 libri
749 401 913 442 scimus
947 401 1218 443 Neomenias
1252 401 1355 442 anni
1377 399 1529 441 Graeci
1551 399 1783 454 popularis

329 467 562 520 pervagari
583 480 779 508 mensem
799 468 1017 521 integrum
1047 469 1093 509 in
1123 468 1264 509 forma
1282 467 1311 508 J
1316 468 1478 508 uliana.
1539 467 1785 508 Hecatom-

327 535 471 583 baeon,
493 535 616 576 verbi
637 536 793 588 gratia,
810 535 1052 589 aliquando
1074 535 1230 576 incidit
1244 535 1287 575 in
1311 544 1362 574 X.
1392 533 1419 575 J
1427 533 1783 587 ulii‚·aliquando

328 602 374 641 in
394 613 458 643 v1.
482 601 690 655 Augusti.
749 602 887 655 Igitur
909 602 1035 644 sidus
1054 603 1176 656 quod
1202 615 1389 654 vespere
1408 600 1668 641 Neomeniae
1688 600 1786 641 He-

330 669 648 710 catombaeonis
661 670 809 719 oritur,
830 670 873 710 in
894 670 1037 723 primo
1058 682 1174 709 anno
1198 668 1362 721 periodi
1375 667 1554 716 Atticae,
1571 679 1656 706 non
1677 666 1786 707 orie-

329 737 400 774 tur
421 735 464 775 in
485 735 643 776 eadem
667 735 935 786 Neomenia‚
960 735 1135 789 quando
1167 735 1524 776 Hecatombaeon
1543 733 1628 774 erit
1650 733 1696 773 in
1718 744 1783 773 vl.

330 799 537 854 Augusti.
598 802 842 856 Propterea
862 802 1188 855 Parapegmata
1210 802 1266 842 ab
1289 801 1529 842 artificibus
1549 799 1786 853 proposita

331 874 469 919 erant,
500 883 555 910 ne
587 870 746 922 vulgus
779 870 823 910 in
855 870 1010 910 eadem
1034 869 1280 910 Neomenia
1312 880 1486 921 semper
1514 867 1630 908 idem
1660 866 1786 907 sidus

331 936 433 976 oriri
455 941 534 977 aut
554 937 755 977 occidere
778 939 973 990 putaret.
1034 935 1169 986 Quod
1192 941 1339 977 tamen
1361 936 1515 987 vulgus
1531 934 1787 986 negligebat

331 1002 445 1043 adeo
481 1007 530 1043 ut
551 1003 734 1056 quidam
767 1003 859 1043 dux
889 1002 1010 1056 apud
1047 1003 1302 1056 Polybium,
1325 1016 1425 1043 cum
1446 1001 1504 1042 ad
1525 1005 1682 1049 ortum,
1711 1004 1788 1041 aut

331 1083 544 1111 occasum
566 1071 798 1112 Pleiadum
820 1070 929 1125 (non
949 1071 1127 1111 memini
1159 1074 1300 1111 utrum
1329 1070 1476 1119 fuerit)
1496 1068 1787 1117 condixisset‚

330 1151 419 1178 non
441 1139 558 1179 venit
579 1138 637 1178 ad
658 1138 958 1179 constitutum.
999 1137 1159 1178 Falsus
1179 1138 1379 1178 nimirum
1401 1135 1647 1177 desultorio
1668 1147 1787 1175 men-

331 1205 443 1244 sium
465 1206 576 1255 situ;
607 1217 738 1258 quem
755 1216 840 1244 non
856 1203 1225 1245 consideraverat.
1285 1203 1402 1243 Duae
1424 1203 1554 1255 igitur
1574 1202 1629 1242 de
1651 1206 1787 1253 capto

330 1271 419 1312 Ilio
441 1272 699 1324 generaliter
716 1276 815 1312 sunt
838 1272 1078 1312 sententiae.
1139 1270 1332 1320 Quidam
1353 1270 1467 1310 enim
1491 1269 1641 1309 multis
1659 1268 1788 1309 annis

332 1351 466 1392 supra
496 1339 839 1391 quadringentos
877 1342 975 1379 ante
1016 1338 1204 1392 primam
1246 1337 1558 1392 Olympiadem
1603 1339 1788 1390 ponunt.

332 1404 427 1445 Alii
463 1411 623 1459 praeter
658 1406 1015 1459 quadringentos,
1039 1411 1157 1454 octo,
1186 1409 1371 1458 septem,
1391 1418 1487 1455 sex,
1516 1408 1558 1445 et
1589 1403 1786 1457 quinque

331 1476 497 1513 tantum
521 1478 699 1527 ponunt.
744 1473 921 1514 Horum
936 1477 1106 1514 tantum
1120 1473 1249 1513 nobis
1261 1471 1467 1513 habenda
1483 1471 1611 1520 ratio,
1633 1474 1677 1511 et
1690 1471 1788 1524 qui-

333 1539 433 1580 dem
457 1541 568 1581 inter
587 1553 665 1581 eos
685 1553 850 1590 eorum,
866 1542 940 1594 qui
963 1539 1114 1581 Attica
1136 1540 1436 1593 scripserunt:
1470 1551 1660 1592 quorum
1676 1550 1787 1578 unus

333 1620 575 1648 consensus
598 1613 666 1648 est
687 1609 731 1648 in
751 1621 899 1648 mense
915 1612 961 1648 et
983 1607 1053 1648 die
1070 1607 1245 1647 mensis.
1309 1606 1475 1647 Omnes
1497 1605 1611 1646 enim
1637 1609 1789 1659 Θαργη-

334 1673 577 1730 λιῶνοςόγὸόῃ
600 1673 780 1721 Φθίνοντος
810 1674 894 1715 hoc
915 1675 1148 1726 contigisse
1163 1674 1331 1714 dicunt.
1391 1673 1445 1714 In
1473 1671 1600 1713 annis
1619 1671 1788 1713 Tetrae-

333 1742 491 1782 teridis
513 1742 693 1783 variant.
753 1742 924 1794 Vulgus
957 1741 1071 1782 solet
1091 1741 1288 1781 dividere
1309 1752 1501 1780 mensem
1522 1739 1718 1780 lunarem
1739 1739 1788 1779 in

333 1809 620 1859 novilunium,
641 1810 875 1863 septimam
905 1810 1071 1858 lunam,
1092 1808 1394 1862 plenilunium,
1427 1812 1473 1848 et
1504 1808 1738 1860 septimam
1761 1819 1789 1847 a

332 1877 440 1917 fine:
460 1889 572 1930 quas
589 1876 831 1917 divisiones
847 1876 1114 1929 quadrantes
1135 1876 1254 1916 lunae
1279 1879 1467 1916 vocant:
1489 1874 1614 1915 aliter
1627 1878 1789 1914 vocant

332 1943 537 1995 primam,
588 1944 840 1996 septimam,
871 1943 1299 1996 quintamdecimam,
1334 1942 1592 1983 vicesimam
1631 1952 1789 1982 secun-

334 2010 450 2051 dam.
511 2009 662 2050 Graeci
694 2009 915 2064 Φεγγάριον,
944 2008 1147 2064 διχόμηνιν,
1190 2007 1428 2058 πανσέληνον,
1461 2007 1649 2063 ὃιχόμηνιν
1681 2006 1790 2047 ὑστέ-

334 2091 416 2129 ραν.
477 2076 567 2117 Hae
588 2080 774 2130 quatuor
802 2077 970 2117 lunaris
999 2077 1158 2117 mensis
1189 2077 1437 2117 divisiones
1468 2079 1568 2117 sunt
1595 2075 1642 2116 in
1672 2075 1787 2116 vice·

335 2143 449 2183 sima
470 2144 617 2192 tertia,
639 2145 734 2185 Sive
757 2141 867 2198 ὀγδόῃ
888 2142 1063 2196 φθίνοντος
1087 2148 1360 2198 Θαργηλιῶνος.

395 2210 545 2250 Primo
580 2210 749 2263 quippe
769 2223 884 2251 anno
907 2210 1235 2260 'l‘etraeteridos,
1266 2210 1482 2251 vicesima
1501 2209 1630 2250 tertia
1649 2208 1788 2251 Thar-

335 2277 533 2330 gelionos
567 2281 634 2317 est
663 2278 806 2330 prima
837 2278 956 2324 luna,
991 2278 1036 2317 in
1070 2277 1266 2318 secundo
1287 2290 1400 2318 anno
1429 2281 1500 2317 est
1520 2277 1723 2330 septima,
1744 2277 1789 2317 in

335 2345 463 2385 tertio
498 2348 564 2384 est
602 2344 909 2397 plenilunium,
944 2345 987 2384 in
1020 2350 1180 2397 quarto
1212 2348 1280 2385 est
1321 2344 1539 2384 vicesima
1578 2343 1787 2384 secunda.

337 2410 509 2452 Rursus
546 2411 591 2450 in
623 2411 837 2452 vicesima
872 2413 1000 2453 tertia
1028 2412 1347 2463 Thargelionos
1381 2410 1484 2452 anni
1516 2410 1663 2463 primi,
1683 2410 1789 2452 luna

337 2478 504 2518 occidit
530 2478 680 2518 statim
714 2491 913 2531 vespere.
972 2479 1025 2520 In
1059 2491 1170 2520 anno
1206 2477 1421 2526 secundo,
1442 2476 1610 2517 occidit
1643 2477 1789 2518 media

337 2550 480 2585 nocte.
533 2546 586 2586 In
606 2559 718 2586 anno
738 2546 886 2595 tertio,
907 2559 986 2599 per
1003 2550 1137 2587 totam
1159 2550 1338 2587 noctem
1358 2545 1494 2585 lucet.
1536 2543 1589 2583 In
1610 2551 1787 2596 quarto,

338 2611 476 2652 oritur
497 2625 523 2652 a
552 2612 701 2653 media
721 2618 866 2653 nocte.
929 2612 1021 2661 Qui
1053 2614 1182 2665 igitur
1200 2613 1300 2653 408.
1321 2611 1449 2651 annis
1477 2614 1578 2650 ante
1600 2611 1787 2663 primam

338 2675 648 2731 Olympiadem
677 2684 854 2732 captum
887 2678 1003 2718 Ilion
1036 2680 1204 2728 volunt,
1242 2678 1491 2718 necessario
1513 2689 1629 2718 anno
1660 2677 1790 2717 tertio

336 2743 656 2784 Tetraeteridos
687 2746 771 2786 hoc
793 2746 1036 2797 contigisse
1058 2746 1225 2786 volunt.
1287 2745 1404 2786 Nam
1431 2744 1528 2784 408.
1553 2742 1655 2784 anni
1676 2747 1789 2783 retro

340 2811 480 2862 putati
516 2810 719 2852 desinunt
739 2813 783 2852 in
805 2814 874 2854 49.
900 2825 1062 2853 annum
1086 2813 1259 2866 periodi
1282 2811 1547 2867 Olympicae,
1567 2809 1788 2863 siquidem
