1915 3231
215 248 298 290 168
678 246 890 292 ’ῡιοτγοε
926 261 1198 293 an'rENsrs

216 353 315 393 nius
331 368 341 393 z
356 357 372 375 ¹¹
395 351 617 407 Amphius
638 357 681 396 et
698 354 916 396 Adrastus
939 355 1117 409 Merope
1137 355 1286 408 geniti,
1308 368 1367 397 ex
1383 354 1621 399 Adrestina
1635 363 1665 399 :v

214 418 354 461 Asius
378 419 565 473 Hyrtaci
587 421 719 462 Sesto
736 426 774 463 :w
796 422 898 463 dein
919 423 1034 463 alius
1048 421 1185 463 Asius
1208 423 1665 479 Dymante3ssgenitus‚’‘

216 485 420 527 Hecubae
440 485 586 535 frater,
617 501 673 528 ex
695 488 899 542 Phrygia.
962 490 1064 530 Hos
1087 503 1240 530 omnes
1266 504 1378 544 quos
1399 481 1662 533 memoravi-

214 565 313 594 mus
339 554 487 594 secuti
519 555 647 598 multi
677 556 879 596 mortales
910 556 1145 597 inconditis
1178 558 1389 609 moribus,
1424 570 1477 599 ac
1498 558 1665 611 dispari

213 633 323 662 sono
344 622 504 672 vociS,y
534 622 626 663 sine
647 623 740 665 ullo
759 623 908 665 ordine
941 629 1020 665 aut
1045 623 1181 665 modo
1215 624 1372 678 praelia
1401 625 1506 666 inire
1527 625 1665 666 soliti.

869 775 1010 807 NOTAE

216 876 298 908 siam
322 882 434 909 antem
460 878 514 909 liic
540 878 721 911 Asiaticam
749 880 912 921 intellige,

964 889 1088 921 nempe
1115 880 1174 911 Καὶ
1194 879 1231 918 δὴ
1253 880 1350 918 Ῥείης
1377 880 1444 922 ὅρος
1473 879 1556 913 αἰπύ.
1601 881 1668 912 ‘Et

215 937 289 968 qnae
313 927 401 959 inter
425 929 617 969 Bithyniam
633 935 667 959 et
686 930 799 970 lEsopi
815 931 912 961 ostia.

967 932 1069 962 Rheae
1086 937 1234 963 montem
1250 931 1378 963 altum.’
1423 932 1524 964 Quod
1543 931 1588 962 ibi
1612 930 1668 962 fu-

267 981 280 996 ¹¹
305 977 502 1017 Pyraechmes
527 977 607 1010 Axii
635 978 796 1018 Paeom'us]
830 978 911 1010 Axii

213 1024 318 1056 filium
342 1025 425 1057 dicit
451 1027 700 1068 Pyraeclimem,
725 1029 804 1069 quia
825 1029 912 1060 male

213 1075 460 1115 interpretatus
477 1076 648 1107 estlocum
666 1076 806 1108 Homeri
822 1087 830 1108 ι
854 1077 914 1108 Αὖ-

214 1125 273 1165 τὰρ
296 1125 475 1167 Πυραίχμης
495 1125 555 1165 ἅγε
577 1126 708 1159 Παίονας
729 1127 918 1168 ἀγκυλοτόξ-

215 1187 279 1215 ους,
301 1175 442 1213 Τηλόθεν
469 1177 501 1215 ἐξ
528 1176 709 1218 Ἀμυδῶνος,
739 1179 791 1210 ἀπ’
815 1180 915 1219 Ἀξίου

216 1226 285 1266 εὐρὺ
307 1226 442 1267 ῥέοντος,
457 1227 571 1267 Ἀξίου,
593 1225 629 1259 οῧ
650 1227 823 1260 κάλλιστον
838 1228 915 1268 ὕδωρ

216 1276 405 1308 ἐπικίδναται
421 1277 482 1318 αἴῃ.
510 1279 519 1294 ‘
535 1277 603 1309 Sed
620 1278 838 1319 Pyraechmes
854 1280 915 1310 du-

216 1326 319 1358 cebat
345 1327 490 1358 Paeonas
515 1327 626 1358 curvis
650 1329 795 1359 arcubus
817 1334 915 1360 uten-

216 1381 282 1415 tes,
313 1378 439 1408 Procul
466 1386 508 1408 ex
539 1376 730 1418 Amydone,
757 1379 800 1410 ab
825 1379 915 1411 Axio

215 1427 284 1458 late
298 1425 439 1468 fluente,
458 1427 559 1467 Axio,
582 1428 678 1469 cujus
692 1429 917 1470 pulcherrima

217 1487 303 1518 aqua
319 1476 523 1509 diffunditur
550 1488 654 1519 snper
677 1480 826 1511 terram.'
868 1481 917 1512 Hi

218 1527 363 1560 Paeones
378 1528 438 1559 sub
460 1529 645 1569 Strymone
664 1529 768 1562 fluvio
786 1531 827 1561 ad
848 1531 918 1563 Ax-

217 1578 286 1608 ium
312 1577 462 1616 fluvium,
488 1579 545 1620 qui
570 1580 755 1612 Bottiaeam
783 1587 818 1613 et
839 1582 918 1613 Am·

217 1628 398 1668 pliaxinam
415 1633 542 1660 terram
561 1629 693 1668 dividit,
716 1635 751 1662 et
771 1637 918 1663 assumto

219 1679 366 1719 Erigone
390 1677 507 1719 fluvio,
534 1680 624 1711 inter
649 1681 857 1713 Chalestram
883 1686 919 1713 et

218 1729 385 1759 Thermen
400 1727 485 1760 fluit.
528 1729 635 1761 Juxta
651 1730 740 1761 illum
758 1731 825 1762 sita
841 1732 918 1763 urbs

219 1778 390 1819 Amydon.
443 1779 532 1810 Vide
564 1780 713 1819 Epirum.
743 1782 856 1813 Strab.
884 1788 921 1814 et

220 1829 377 1861 Eustatli.
392 1829 479 1860 hunc
498 1830 608 1860 locum
627 1831 824 1871 respiciens.
850 1832 919 1863 He-

222 1878 356 1918 sychius
381 1879 521 1919 scripsit
545 1879 655 1919 Ἀξιὸς,
675 1881 812 1919 ποταμὸς
828 1886 919 1913 Παιο-

221 1930 293 1962 vias.
317 1930 438 1968 Axius,
453 1929 576 1961 fluvius
594 1931 754 1963 Paeoniae.

264 1984 276 1998 “’
292 1979 444 2018 Amphius
459 1983 488 2010 et
503 1980 661 2011 Adrastus
679 1982 806 2022 Merope
819 1984 922 2022 geniti

221 2039 260 2059 ex
283 2029 471 2069 Adrastinu]
509 2030 561 2060 Ex
590 2030 783 2062 Adrasteia.
829 2032 868 2063 Οἳ
895 2033 920 2063 δ’

221 2078 417 2120 Ἀδρήστειάν
427 2080 455 2109 ‘r‘
472 2078 558 2120 εἶχον
571 2080 620 2112 καὶ
640 2083 734 2120 δῆμον
758 2083 920 2124 Ἀπαισοῦ,

224 2129 283 2160 Καὶ
298 2128 442 2160 Πιτύειαν
456 2129 545 2168 ἔχον,
557 2130 607 2161 καὶ
618 2131 745 2171 Τηρείης
757 2131 824 2172 ὄρος
836 2133 918 2174 αἰπὺ,

221 2181 287 2210 Τῶν
301 2177 371 2218 ’ἦρχ’
385 2179 553 2219 Ἄδρηστός
564 2192 599 2210 τε
615 2181 665 2211 καὶ
686 2181 819 2221 ‘'Auspicis-
835 2189 917 2213 λινο-

223 2228 327 2269 θώρηξ,
341 2228 393 2261 ‘rie
405 2229 464 2260 δύω
475 2228 615 2270 Μέροπος
625 2231 810 2271 Περκωσίου.
828 2235 836 2249 ‘
849 2233 916 2265 Qui

224 2278 439 2310 Adrasteiam
467 2280 631 2311 tenebant
659 2286 694 2312 et
723 2291 845 2323 pagum
872 2281 917 2313 A·

224 2329 318 2369 paesi,
342 2329 386 2360 Et
401 2329 572 2369 Pityeiam
590 2330 786 2363 habitabant
807 2336 841 2363 et
857 2333 919 2364 Te·

224 2378 304 2409 reiae
323 2378 429 2410 altum
453 2384 616 2420 montem,
643 2381 705 2411 His
728 2381 920 2422 imperabat

228 2427 391 2459 Adrastus
411 2432 447 2459 et
469 2428 636 2469 Amphius
661 2431 785 2462 lineum
809 2432 921 2462 thora-

226 2486 299 2508 cem
326 2477 466 2519 liabens,
483 2479 559 2510 Filii
574 2478 641 2510 duo
660 2480 813 2521 Meropis
837 2481 922 2512 Per-

226 2527 330 2559 cosii.'
351 2527 522 2559 Adrastea
534 2533 646 2560 autem
660 2530 728 2560 sive
741 2530 921 2562 Adrasteae

227 2586 365 2617 campus
391 2582 469 2619 post
491 2578 649 2619 AEsopnm
676 2580 717 2610 ad
736 2579 922 2612 Granicum

227 2636 369 2658 amnem.
406 2627 544 2668 Pityeia
559 2628 637 2659 urbs
653 2629 686 2659 in
704 2629 807 2661 Pario
821 2641 923 2671 agro3

227 2685 323 2707 mons
351 2676 472 2708 Tereia
500 2686 566 2708 non
599 2678 702 2718 longe
733 2688 752 2710 a
784 2680 922 2720 Cyzico.

229 2725 298 2756 Alii
323 2734 381 2757 XL.
408 2725 529 2757 stadiis
551 2736 570 2757 a
595 2728 784 2768 Lampsaco
801 2730 921 2762 collem

227 2776 322 2807 illum
336 2775 532 2807 ostendunt.
577 2777 654 2817 Ego
679 2782 762 2818 puto
785 2780 923 2811 Strabo-

229 2834 305 2857 nem
333 2833 465 2856 versum
492 2825 634 2857 Homeri
660 2828 758 2859 aliter
786 2829 924 2871 legisse,

966 982 1030 1012 erit
1046 982 1208 1021 templum
1226 981 1342 1014 Rheae.
1389 981 1457 1013 Adi
1474 981 1565 1012 illum
1584 989 1669 1012 xur-

1007 1036 1028 1052 w
1050 1032 1147 1062 Asius
1161 1032 1302 1072 Hyrtaci
1316 1031 1424 1071 Sesto]
1464 1031 1604 1063 Homer.
1628 1030 1669 1062 Οἳ

966 1080 992 1112 δ’
1019 1079 1078 1122 ἄρα
1105 1081 1269 1121 Περκώτην
1289 1081 1340 1112 καὶ
1363 1080 1517 1121 Πράκτιον
1536 1081 1670 1121 ἀμφενέ-

964 1142 1072 1170 μοντο,
1087 1131 1147 1162 Καὶ
1158 1131 1280 1169 Σηστὸν
1295 1130 1345 1162 καὶ
1360 1130 1499 1166 Ἄβυδον
1514 1129 1602 1170 ἕχον,
1618 1129 1671 1162 καὶ

966 1183 1034 1213 δῖαν
1055 1181 1214 1223 Ἀρίσβην,
1235 1183 1301 1212 Τῶν
1316 1180 1380 1212 αὖθ’
1397 1180 1577 1222 ιὙρτακίδης
1599 1179 1670 1221 ἦρχ’

959 1232 1079 1273 Ἄσιος,
1092 1232 1228 1272 ὄρχαμος
1240 1232 1369 1272 ἀνδρῶν.
1384 1238 1393 1250 ‘
1405 1232 1472 1265 Qui
1488 1233 1569 1263 item
1586 1231 1672 1263 Per-

967 1287 1069 1318 coten
1101 1288 1136 1313 et
1167 1283 1344 1313 Praetium
1376 1281 1587 1317 incolebant,
1625 1281 1672 1312 Et

966 1332 1100 1363 Sestum
1114 1337 1149 1363 et
1166 1331 1322 1372 Abydum
1341 1330 1518 1371 tenebant,
1534 1334 1570 1362 et
1585 1330 1672 1361 divi-

969 1391 1047 1413 nam
1064 1381 1236 1423 Arisbam,
1254 1382 1317 1412 His
1335 1391 1471 1423 quoque
1487 1379 1670 1421 praefectus

970 1437 1044 1463 erat
1060 1432 1205 1473 Hyrtaci
1222 1431 1310 1462 filius
1330 1431 1428 1462 Asius
1446 1432 1606 1472 princeps
1624 1431 1671 1461 vi-

971 1481 1111 1513 rorum!
1142 1481 1290 1512 Percote
1307 1490 1428 1511 nomen
1445 1479 1591 1520 regionis
1608 1480 1672 1511 cir-

971 1541 1012 1563 ca
1030 1531 1190 1572 Abydum
1206 1541 1216 1570 ;
1241 1531 1298 1562 ubi
1314 1531 1472 1562 Praetius
1487 1529 1608 1561 fluvius
1623 1530 1674 1561 iu-

972 1587 1026 1614 ter
1045 1582 1204 1623 Abydum
1229 1580 1337 1612 fluens
1365 1586 1400 1613 et
1425 1581 1670 1622 Lampsacum:

972 1641 1080 1673 neque
1105 1632 1192 1662 enim
1220 1631 1298 1662 urbs
1322 1640 1363 1662 eo
1388 1631 1521 1661 nomine
1542 1630 1672 1661 inveni-

973 1687 1041 1721 tur,
1058 1681 1147 1722 quod
1165 1681 1249 1712 salso
1267 1681 1402 1721 quidam
1420 1685 1593 1722 putarunt.
1616 1681 1672 1711 De

973 1733 1107 1772 Arisba,
1123 1741 1198 1773 quae
1221 1731 1262 1762 ad
1286 1730 1426 1762 fluvium
1452 1730 1672 1769 Seneentem,

964 1785 1037 1823 jam
1054 1792 1157 1822 supra
1181 1781 1310 1812 dictum
1339 1785 1401 1811 est.
1444 1780 1559 1811 Sestus
1574 1783 1609 1810 et
1625 1779 1674 1810 Α-

975 1833 1082 1873 bydus
1094 1833 1206 1873 urbes,
1217 1841 1300 1873 quas
1313 1831 1558 1870 Hellespontus
1567 1830 1675 1861 inter-

971 1882 1059 1921 fluit,
1076 1882 1190 1913 Herus
1207 1887 1242 1912 et
1259 1880 1405 1912 Leandri
1422 1880 1589 1911 amoribus
1605 1879 1675 1911 cla-

974 1942 1031 1963 ra).
1079 1933 1146 1963 Hic
1164 1937 1276 1963 autem
1293 1931 1355 1961 sub
1371 1930 1491 1962 eodem
1507 1930 1596 1962 duce
1616 1939 1676 1970 po-

973 1989 1099 2014 nuntur
1112 1983 1155 2014 ob
1173 1982 1394 2020 vicinitatem,
1420 1990 1495 2012 cum
1512 1990 1553 2012 ea
1569 1985 1674 2012 aetate

974 2032 1181 2064 continentis
1207 2036 1323 2073 partes
1347 2036 1382 2062 et
1406 2030 1589 2072 provinciae
1606 2039 1673 2062 non

971 2088 1084 2115 essent
1100 2083 1293 2114 destinatae.

1013 2139 1028 2155 x
1043 2134 1138 2165 Asius
1147 2133 1307 2173 Dymante
1317 2130 1459 2171 genitus]
1478 2130 1590 2171 Hujus
1602 2139 1673 2162 me-

971 2183 1068 2214 minit
1087 2183 1226 2213 Homer.
1245 2181 1344 2213 Iliad.
1359 2185 1398 2212 Π.
1430 2180 1550 2220 Ἄσιος,
1565 2180 1599 2212 ὃς
1612 2180 1672 2219 μή·

971 2243 1049 2271 τρως
1059 2230 1098 2268 ἣν
1112 2229 1263 2270 ’Έκτορος
1277 2229 1468 2269 ἱπποδάμοιο,
1479 2229 1671 2270 Αὐτοκασίγ·

973 2292 1065 2318 νητος
1090 2279 1236 2319 Ἑκάβης,
1265 2278 1328 2310 υἱὸς
1351 2277 1384 2310 δὲ
1409 2278 1585 2320 Δύμαντος,
1612 2279 1674 2313 ‘05

972 2330 1104 2370 Φρυγίην
1133 2329 1256 2360 ναίεσκε
1286 2328 1358 2369 ῥοῇς
1389 2327 1438 2358 ἐπὶ
1468 2329 1672 2370 Σαγγαρίοιο.

973 2382 983 2399 ‘
1000 2381 1114 2417 Asius,
1129 2380 1185 2421 qui
1211 2379 1395 2410 avunculus
1411 2384 1488 2410 erat
1514 2380 1672 2412 Hectoris

974 2440 1095 2472 equum
1127 2428 1316 2466 domitoris,
1351 2428 1474 2458 Frater
1503 2427 1672 2470 Hecubae,

973 2480 1061 2512 filius
1084 2478 1272 2519 Dymantis,
1288 2476 1356 2509 Qui
1378 2476 1561 2517 Phrygiam
1576 2477 1672 2509 liabi-

976 2530 1071 2562 tabat
1088 2528 1129 2560 ad
1143 2527 1272 2558 fluenta
1287 2525 1466 2566 Sangarii.'

1017 2585 1031 2607 y
1055 2576 1227 2610 Inconditis
1248 2575 1382 2606 moribus
1407 2585 1444 2606 ac
1465 2575 1586 2616 dispari
1599 2586 1672 2608 semo

974 2628 1073 2668 vocis]
1102 2628 1154 2658 Ex
1181 2626 1332 2657 Homero
1358 2625 1505 2656 videtur.
1549 2626 1672 2658 Πολλοὶ

974 2679 1037 2719 γὰρ
1058 2676 1137 2709 κατὰ
1160 2675 1240 2707 ἄστυ
1258 2674 1341 2714 μέγα
1355 2673 1492 2716 Πριάμου
1506 2675 1672 2718 ἐπίκουροι,

969 2729 1075 2766 Ἄλλη
1087 2727 1112 2758 δ’
1123 2725 1229 2757 ἄλλων
1240 2727 1376 2764 γλῶσσα
1386 2724 1606 2765 πολυσπερέων
1617 2726 1672 2757 ἂν·

975 2779 1109 2820 θρῶπων.
1149 2777 1159 2794 ⁴
1173 2776 1276 2807 Multi
1296 2775 1384 2806 enim
1401 2775 1433 2805 in
1449 2775 1533 2806 urbe
1550 2785 1674 2816 magna

976 2827 1104 2862 Priami
1119 2825 1348 2866 auxiliatores,
1370 2823 1449 2856 Alia
1464 2830 1577 2857 autem
1592 2827 1674 2858 alio-
