1915 3231
1538 284 1622 327 253

176 387 307 429 mium
347 385 623 440 persolutum
653 388 736 433 est,
761 384 922 438 jubent
960 385 1134 425 nostri*
1171 398 1377 438 peragere
1408 387 1620 440 incoepta.

176 453 332 506 Itaque
353 453 577 493 destructa
598 462 813 490 murorum
837 453 976 502 parte,
998 463 1099 491 cum
1123 450 1229 504 joco
1260 452 1533 506 lasciviaque
1559 455 1623 494 in-

175 519 340 559 duxere
376 530 551 572 equum,
578 515 775 557 foeminis
803 515 914 555 inter
942 521 1026 557 seW
1057 520 1192 570 atque
1213 518 1317 558 viris
1339 520 1537 560 certatim
1558 523 1623 560 at—

176 585 344 627 trahere
365 584 684 626 festinantibus.
716 582 822 637 [12]
843 582 1021 624 Interim
1039 582 1204 633 Graeci,
1220 584 1297 624 ubi
1319 589 1481 626 cuncta
1500 586 1625 626 navi-

173 651 257 692 bus
284 652 499 706 imposita
528 655 645 700 sunt,
675 649 862 691 incensis
893 650 1086 690 omnium
1115 651 1441 691 tabernaculisx
1472 651 1528 692 ad
1557 652 1625 693 Si-

174 730 318 770 gaeum
348 718 597 768 secedunt,y
628 716 777 770 ibique
807 720 982 757 noctem
1011 717 1325 770 opperiuntur:
1355 718 1485 758 fessis
1524 717 1625 759 dein

174 784 315 826 multo
335 786 471 827 vino²
500 789 635 838 atque
657 796 811 825 somno
841 783 1057 834 barbaris,
1077 795 1177 837 quae
1197 788 1420 837 utraque
1448 797 1528 838 per
1547 785 1625 827 lae-

174 851 313 892 titiam
344 851 713 904 securitatemque
742 849 870 903 pacis
900 850 1236 900 intervenerant,
1261 850 1400 891 multo
1420 851 1626 892 silentiob

174 917 231 959 ad
255 919 479 960 civitatem
514 918 740 971 navigant,
772 921 1000 958 servantes
1036 917 1208 971 signum
1238 918 1358 972 quod
1388 919 1479 972 igni
1509 919 1625 961 elato

177 985 348 1035 Sinon,c
379 985 436 1026 ad
475 998 572 1027 eam
610 998 702 1026 rem
741 985 856 1026 clam
897 984 1084 1038 positus,
1127 985 1391 1027 sustulerat:
1435 999 1626 1039 moxque

174 1065 326 1093 omnes
356 1058 594 1107 postquam
624 1052 837 1093 intravere
868 1052 1047 1101 moenia,
1070 1051 1227 1092 divisis
1257 1052 1371 1092 inter
1400 1064 1447 1092 se
1473 1052 1625 1094 civita·

174 1118 234 1159 tis
264 1119 391 1169 locis,
422 1120 497 1161 ubi
528 1120 697 1173 signum
732 1118 881 1159 datum
912 1116 1195 1170 agnovere‚d†
1229 1119 1394 1159 caedere
1414 1131 1490 1159 eos
1514 1132 1624 1171 quos

173 1184 265 1226 sors
293 1186 530 1240 objecerat,
560 1190 692 1241 atque
723 1186 984 1227 obtruncare
1014 1187 1179 1239 passim
1209 1199 1287 1239 per
1318 1185 1476 1226 domos
1497 1189 1625 1239 atque

174 1251 287 1303 vias,
306 1252 407 1294 loca
427 1257 578 1295 sacrae
608 1251 896 1307 profanaque,
918 1255 963 1293 et
980 1252 1018 1293 si
1040 1252 1117 1306 qui
1139 1256 1460 1306 persenserant,
1482 1252 1624 1306 prius-

549 292 612 321 DE
645 292 799 322 BELLO
831 292 1056 323 TROJANO
1094 293 1187 324 LIB.
1223 295 1266 323 V.

781 1359 1019 1372 ‘O‘OONO‘ON

217 1414 236 1432 ³*
261 1415 384 1457 Delph.
399 1416 584 1451 nostris.—†
606 1414 735 1456 Delph.
753 1415 862 1446 datum
876 1417 937 1453 est,
952 1423 1064 1454 magna
1080 1412 1111 1444 vi
1127 1423 1153 1445 c.

828 1498 970 1532 NOTAE

229 1558 250 1573 w
284 1554 362 1586 Cum
398 1553 470 1593 joco
506 1554 692 1595 lasciviaque
726 1553 878 1585 induxere
930 1552 1038 1584 amica
1053 1552 1191 1584 silentia
1207 1552 1334 1584 Lunae.’

174 1604 443 1645 equum,foeminis
454 1605 592 1646 interse]
608 1610 616 1623 ‘
631 1605 766 1636 Circum
778 1604 876 1645 pueri
972 1608 986 1624 ⁰
1012 1603 1102 1639 Quod
1122 1604 1190 1642 igni
1211 1604 1291 1634 elato
1308 1601 1424 1643 Sinon]
1458 1602 1510 1634 De
1532 1602 1627 1643 signo

177 1655 400 1696 innuptaeque
438 1656 563 1696 puellae
601 1656 705 1687 Sacra
733 1659 874 1691 canunt,
929 1663 949 1685 a
964 1653 1090 1685 Sinone
1108 1654 1199 1684 elato
1216 1653 1298 1684 nihil
1323 1653 1412 1693 apud
1436 1653 1518 1684 alios
1535 1654 1628 1684 inve-

174 1703 357 1745 sunemque
373 1715 472 1736 manu
486 1705 686 1745 contingere
700 1703 873 1745 gaudent.’
927 1703 975 1735 ni.
1011 1703 1134 1744 Vin-gil.
1161 1707 1295 1735 tantum
1322 1704 1381 1740 ait,
1408 1703 1510 1736 duces
1539 1714 1628 1746 equo

215 1759 232 1774 x
255 1754 394 1786 lucensis
408 1755 542 1787 omnium
558 1754 778 1794 tabernaculis]
802 1754 872 1786 No-

173 1808 227 1835 tus
249 1805 381 1836 militiae
404 1815 488 1845 mos,
508 1805 692 1836 incendere
714 1804 872 1836 taberna-

173 1853 250 1885 cula
264 1853 472 1886 discessuros
489 1855 623 1887 milites.
640 1854 740 1886 Hom.
756 1854 825 1886 od,
836 1858 873 1886 Θ.

172 1902 287 1936 Βάντες
301 1903 479 1942 ἀπέπλειον,
490 1905 549 1945 πῦρ
562 1905 595 1936 ἐν
604 1904 742 1947 κλισίῃσι
757 1904 873 1941 βαλόν·

927 1752 1085 1794 delapsos
1112 1753 1228 1784 statim
1256 1758 1371 1792 portas
1396 1753 1569 1792 pandisse,
1592 1759 1629 1785 et

926 1803 976 1834 ita
992 1803 1098 1834 socios
1115 1803 1305 1842 accepisse:
1320 1807 1328 1820 ¹
1341 1803 1529 1834 Caeduntur
1546 1803 1630 1843 vigi-

926 1853 988 1892 les,
1015 1853 1190 1893 portisque
1212 1852 1409 1893 patentibus
1430 1862 1545 1884 omnes
1562 1853 1629 1885 Ac·

927 1903 1060 1944 cipiunt
1077 1902 1198 1941 socios,
1222 1907 1326 1944 atque
1343 1903 1478 1943 agmina
1495 1904 1630 1935 conscia

171 1965 235 1986 τες.
257 1957 267 1972 ⁶
283 1953 410 1986 Euntes
427 1955 648 1995 navigabant,
666 1955 744 1996 igne
762 1955 874 1987 taber·
922 1952 1097 1994 jungunt!
1128 1952 1196 1984 Sed
1214 1952 1278 1984 hoc
1295 1962 1336 1983 ex
1352 1953 1497 1993 Virgilio
1515 1957 1628 1984 tamen

172 2004 304 2036 naculis
318 2004 472 2046 injecto.’

215 2058 230 2080 7
251 2053 305 2085 Λᾶ
329 2054 470 2093 Sigaeum
494 2054 655 2096 secedunt]
692 2055 789 2096 Virg.
825 2054 874 2086 ait

173 2103 314 2136 Graecos
337 2114 372 2135 se
398 2109 476 2146 post
499 2106 636 2137 Tenedo
662 2106 872 2137 condidisse:

175 2154 276 2186 'Huc
299 2164 335 2186 se
362 2155 517 2195 provecti
542 2156 671 2187 diserto
697 2156 731 2186 in
756 2156 873 2187 littore

173 2204 348 2236 condunt!
390 2205 438 2237 At
447 2205 604 2237 Tenedos
621 2215 640 2236 a
652 2205 754 2245 Sigeo
771 2206 875 2236 dista·

174 2253 234 2285 bat
261 2262 374 2286 mxxv.
403 2254 490 2286 stad.
533 2254 754 2295 Palaephatus
780 2264 875 2294 vero,

175 2313 274 2344 quem
291 2304 325 2335 in
351 2304 428 2345 equi
455 2304 597 2336 historia
621 2305 714 2346 sequi
737 2304 874 2336 videtur

174 2354 313 2394 Dictys,
331 2355 450 2386 scribit
472 2354 614 2387 Graecos
640 2364 678 2386 se
701 2355 873 2387 abdidisse

172 2403 206 2435 in
224 2413 308 2436 cavo
324 2405 469 2446 quodam
481 2405 570 2445 loco,
590 2405 647 2446 qui
661 2406 754 2436 locus
770 2406 872 2437 etiam

174 2459 244 2486 tum
263 2455 459 2490 vocabatur,
482 2454 629 2497 Ἀργείων
649 2454 759 2496 λόχος,
784 2459 793 2474 ⁴
806 2455 872 2487 Ar-

173 2503 326 2544 givorum
343 2504 499 2536 insidiae.'

217 2561 230 2576 2
252 2554 358 2586 Fessis
369 2555 441 2586 dein
455 2555 551 2587 multo
565 2554 650 2595 vino]
673 2555 772 2595 Virg.
794 2554 873 2586 ‘In-

173 2603 303 2636 vadunt
327 2604 446 2636 urbem
466 2614 583 2636 somno
600 2604 746 2646 vinoque
762 2604 875 2645 sepul·

174 2653 266 2686 tam?

217 2707 232 2723 ³
256 2704 335 2739 Quoe
358 2703 505 2745 utraque]
540 2704 675 2745 Nempe
701 2703 815 2735 vinum
841 2706 876 2734 et

176 2762 323 2785 somnus·

219 2803 233 2823 ὓ
254 2803 360 2835 Multo
373 2803 514 2844 silentio]
539 2802 688 2836 Videtur
704 2803 747 2835 ob
764 2802 878 2834 oculos

174 2852 329 2885 habuisse
360 2853 444 2886 illud
468 2853 592 2895 Virgil.
629 2853 783 2885 ‘Tacitae
816 2861 879 2892 per

926 2004 1120 2035 immutavit
1157 2004 1289 2045 Dictys,
1339 2003 1502 2043 Virgilius
1540 2003 1628 2034 enim

927 2053 1043 2085 scribit
1069 2063 1137 2085 non
1167 2054 1328 2085 Sinonem
1359 2053 1459 2084 classi
1497 2052 1629 2092 signum

927 2103 1074 2140 dedisse,
1098 2103 1157 2134 sed
1185 2106 1303 2135 contra
1329 2103 1470 2134 classem
1500 2101 1632 2141 Sinoni,

928 2159 966 2186 ut
981 2164 1050 2186 rem
1067 2158 1251 2194 perageret
1268 2157 1304 2184 et
1323 2153 1470 2183 claustra
1484 2152 1628 2182 laxaret.

928 2206 938 2222 ⁴
952 2204 1121 2235 Flammas
1137 2212 1212 2234 cum
1229 2202 1324 2243 regia
1346 2201 1470 2242 puppis
1487 2201 1629 2232 Extule-

929 2258 995 2292 rat,
1011 2252 1156 2293 fatisque
1174 2252 1285 2283 Deum
1309 2250 1469 2282 defensus
1488 2251 1625 2292 iniquis,

927 2303 1081 2334 Inclusos
1099 2306 1197 2332 utero
1221 2302 1358 2332 Danaos
1381 2304 1417 2331 et
1441 2300 1541 2341 pinea
1557 2299 1628 2331 fur-

927 2353 988 2384 tim
1006 2353 1116 2384 Laxat
1132 2351 1280 2382 claustra
1296 2349 1424 2381 Sinon-⁹
1467 2350 1628 2390 Virgilius

927 2403 1064 2445 quidem
1080 2401 1203 2434 alicubi
1221 2401 1352 2442 signum
1364 2400 1496 2432 Graecis
1511 2400 1629 2432 datum

928 2452 1048 2484 scribit
1086 2451 1129 2482 ab
1167 2451 1313 2490 Helena,
1343 2459 1409 2481 nou
1439 2460 1459 2481 a
1488 2450 1628 2481 Sinone.

927 2503 1129 2533 ‘Flammam
1142 2500 1254 2532 media
1265 2501 1340 2540 ipsa
1352 2499 1493 2531 tenebat
1506 2500 1629 2540 Ingen-

929 2557 1012 2590 tem,
1028 2556 1063 2583 et
1080 2560 1209 2582 summa
1225 2550 1361 2581 Danaos
1377 2558 1418 2580 ex
1437 2558 1515 2580 arce
1531 2558 1629 2580 voca·

928 2600 1011 2634 bat!
1057 2601 1132 2632 Etsi
1148 2599 1230 2631 illud
1248 2599 1358 2640 accipi
1373 2598 1475 2629 aliter
1492 2599 1610 2639 possit.

971 2651 986 2672 ὗ
1002 2650 1136 2690 Signum
1152 2649 1274 2690 datum]
1300 2649 1404 2680 Certe
1420 2648 1628 2679 deridiculus

929 2707 980 2734 est
997 2701 1134 2741 Dictys,
1152 2700 1208 2742 qui
1232 2700 1266 2731 in
1289 2709 1328 2731 ea
1349 2698 1577 2740 trepidatione
1594 2703 1630 2730 et

929 2757 1046 2792 strage
1072 2751 1202 2792 signum
1228 2753 1447 2792 expectatum
1472 2749 1629 2781 credide-

931 2802 988 2834 rit.

979 2855 992 2872 e
1018 2850 1138 2883 Passim
1162 2859 1217 2891 per
1236 2850 1340 2881 domos
1358 2852 1448 2889 atque
1469 2848 1549 2885 vias,
1565 2848 1629 2879 loca
