1915 3231
337 281 392 322 32¹⁴}
581 292 683 322 JAc.
718 291 1019 321 PERlzoNlUs
1054 289 1247 321 cuffls‘r.
1280 290 1544 321 CELLARMJ.

337 398 430 436 noS,
456 385 741 438 Bongarsios,
771 385 1017 434 Boecleros,
1038 384 1290 434 Reinesios‚
1317 388 1359 425 et
1388 385 1536 438 plures
1558 383 1604 425 id
1634 397 1786 438 genus,

338 453 413 504 qui
434 453 539 493 nihil
559 452 737 507 publice
759 452 1037 506 profuturum
1067 452 1362 505 negligebant,
1380 452 1475 492 sive
1505 464 1563 492 ex
1593 453 1785 492 vetustis

335 520 384 561 id
406 519 696 570 Auctoribus,
720 533 832 574 quos
857 519 1087 572 diligenter
1113 520 1321 572 legebant
1340 519 1444 572 ipsi,
1465 524 1507 560 et
1522 519 1621 561 aliis
1641 521 1784 573 magis

337 587 602 640 explanatos
629 587 810 636 dabant,
840 587 1142 640 repetendum,
1163 587 1256 628 sive
1288 600 1346 628 ex
1378 599 1522 628 rerum
1547 592 1706 628 natura
1742 590 1787 628 et

336 667 421 695 usu
444 654 699 708 quotidiano
721 667 838 695 nunc
860 654 1036 695 demum
1058 654 1300 694 eruendum
1329 654 1453 695 foret.
1513 653 1578 695 At
1607 668 1634 695 o
1655 667 1787 708 quam

338 721 539 775 dispares
563 722 638 762 illa
657 735 769 762 nunc
803 722 971 774 passim
1007 734 1088 762 seu
1121 721 1342 762 Dominos
1361 719 1492 763 habet
1514 735 1589 763 seu
1611 721 1787 775 inquili-

337 790 441 830 nos!
458 789 534 842 qui
555 789 610 829 ab
624 787 916 841 Antiquitatis
937 788 1113 838 studiis,
1135 801 1214 842 per
1229 801 1330 841 quae
1349 790 1461 838 sola,
1484 789 1787 843 superioribus

337 856 517 896 saeculis
550 855 706 896 iterum
727 858 897 904 exorta,
919 855 1207 896 certissimum
1231 861 1298 896 est
1328 869 1386 897 ex
1407 856 1594 909 caligine
1616 856 1789 897 densis-

340 922 454 962 sima
489 934 640 962 omnes
670 921 805 962 etiam
846 934 998 962 sacras
1029 922 1324 976 profanasque
1363 922 1623 977 disciplinas
1652 935 1789 964 emer-

338 989 449 1028 sisse
470 989 674 1030 continuo
693 989 738 1028 in
761 988 1084 1029 serenissimam
1105 989 1266 1039 lucem,
1289 995 1496 1032 revocant
1509 995 1655 1032 tamen
1671 988 1788 1031 Aca-

338 1055 556 1095 demicam
579 1055 744 1109 pubem
780 1055 835 1095 ad
870 1069 998 1096 unum
1030 1056 1137 1097 illud
1167 1061 1211 1098 et
1231 1057 1579 1098 recentissimum
1603 1057 1790 1099 Germa-

339 1122 423 1162 niae
438 1122 512 1175 jus
530 1122 775 1174 publicum,
796 1122 880 1163 hoc
902 1125 969 1163 est
991 1123 1048 1164 ad
1087 1137 1253 1165 meram
1281 1124 1552 1172 Barbariem,
1574 1125 1611 1164 si
1643 1123 1786 1165 solum

340 1186 599 1229 Academiis
620 1189 813 1238 incubet,
832 1202 912 1230 nec
942 1190 1056 1230 seire
1077 1191 1314 1243 quicquam
1345 1190 1481 1239 aliud,
1502 1191 1586 1232 nisi
1623 1204 1726 1232 suas
1747 1195 1790 1233 et

339 1256 409 1296 sui
432 1257 646 1310 temporis
677 1269 748 1297 res
769 1255 1004 1306 desideret,
1027 1256 1148 1310 quod
1181 1257 1412 1299 Barbariei
1444 1259 1668 1313 proprium
1704 1264 1790 1308 est,

340 1330 386 1368 et
408 1337 583 1379 semper
612 1325 710 1366 fuit.
771 1324 1010 1377 Ceteroqui
1038 1325 1296 1377 neutiquam
1334 1330 1449 1367 certe
1480 1339 1562 1380 ego
1583 1327 1729 1376 velim,
1751 1327 1791 1367 si

339 1394 426 1435 mei
457 1406 527 1434 res
561 1396 680 1434 esset
709 1391 895 1441 arbitrii,
932 1391 1235 1433 adolescentes
1269 1393 1379 1433 nihil
1413 1405 1576 1442 eorum,
1612 1405 1712 1446 quae
1743 1393 1789 1433 in

340 1474 422 1502 usu
443 1473 556 1500 nunc
577 1459 805 1508 habentur,
836 1471 1113 1512 cognoscere,
1135 1463 1209 1501 aut
1227 1472 1308 1501 sua
1332 1460 1376 1500 in
1395 1461 1540 1514 patria
1561 1474 1660 1502 esse
1689 1460 1790 1501 hos-

339 1531 471 1584 pites,
491 1540 544 1568 ac
565 1527 760 1580 publicae
790 1526 854 1566 rei
880 1525 1022 1575 rudeS,
1054 1526 1133 1567 sed
1162 1530 1396 1581 utrumque
1426 1542 1568 1582 agere,
1589 1529 1790 1570 laborum

339 1598 484 1638 facere
507 1594 686 1648 gradus,
702 1593 825 1635 aliud
846 1594 891 1634 in
913 1592 1171 1635 Academiis
1191 1607 1341 1636 curare
1361 1596 1655 1650 potissimum,
1670 1595 1792 1637 aliud

340 1664 416 1704 ubi
426 1663 520 1716 jam
540 1662 596 1702 iis
615 1660 780 1702 relictis
802 1659 859 1701 ad
890 1672 956 1700 res
981 1660 1197 1712 gerendas
1217 1661 1446 1703 accedunt.
1507 1662 1599 1703 Hic
1629 1674 1717 1703 non
1737 1674 1792 1702 ea

344 1730 520 1785 quidem
539 1729 698 1770 nostris
717 1728 763 1769 in
783 1727 931 1768 fundis
953 1728 1157 1769 atrociter
1173 1728 1284 1769 adeo
1307 1732 1530 1782 grassatur
1550 1729 1793 1784 calamitas,

343 1798 417 1840 sed
439 1797 579 1839 nihilo
599 1801 742 1839 tamen
761 1795 908 1836 minus
928 1795 1152 1848 pestilenti
1174 1795 1314 1837 sidere
1334 1797 1496 1850 partim
1517 1796 1665 1838 mollis
1684 1796 1791 1838 edu·

344 1866 479 1914 catio,
501 1868 544 1906 et
561 1864 707 1918 segnis
726 1864 914 1913 luxuria,
929 1864 1090 1917 partim
1117 1863 1231 1904 acris
1257 1864 1407 1913 factio,
1424 1876 1523 1917 quae
1545 1865 1694 1905 omnia
1712 1864 1792 1905 do·

343 1939 416 1975 nat
434 1933 590 1974 studiis
609 1932 813 1986 partium,
835 1937 883 1973 at
903 1931 1134 1982 doctrinae,
1165 1931 1406 1981 industriae,
1444 1931 1606 1984 ingenii
1627 1931 1791 1972 meritis

343 2000 452 2041 nihil
471 2000 581 2041 facit
608 2000 781 2053 reliqui,
804 1998 972 2041 afflavit
992 2000 1132 2040 bonas
1152 2002 1282 2048 artes,
1305 2004 1351 2040 et
1369 1998 1586 2051 extinguit
1612 1998 1791 2051 penitus

343 2067 520 2120 ingenia
543 2065 771 2119 juvenum,
792 2066 867 2120 qui
889 2066 943 2107 ad
965 2067 1023 2106 rei
1046 2066 1237 2119 publicae
1261 2078 1413 2106 curam
1434 2069 1478 2106 et
1496 2065 1653 2107 futurae
1682 2068 1791 2106 aeta-

346 2136 404 2176 tis
426 2134 561 2174 decus
582 2145 756 2185 surgere
777 2146 830 2174 ac
861 2133 1019 2174 instrui
1045 2132 1281 2174 debebant.
1341 2133 1431 2173 Sed
1467 2137 1632 2187 quanto
1651 2133 1792 2185 magis

349 2201 493 2243 onmia
512 2212 628 2240 nunc
650 2204 763 2241 retro
784 2204 924 2245 ruunt,
953 2203 1114 2253 quanto
1133 2200 1275 2252 magis
1297 2199 1460 2240 exilem
1480 2200 1716 2253 redigimur
1745 2199 1792 2240 in

348 2281 588 2317 numerum,
625 2272 750 2308 tanto
785 2267 964 2321 astringi
996 2267 1179 2316 arctius,
1219 2267 1508 2320 sanctiusque
1542 2267 1628 2307 coli
1663 2266 1793 2307 decet

346 2334 709 2377 necessitudinem
729 2334 867 2383 illam,
890 2347 990 2387 quae
1014 2334 1153 2374 semel
1185 2334 1294 2374 inter
1323 2346 1494 2386 paucos
1515 2334 1613 2375 illos
1635 2346 1790 2374 eorun-

347 2403 448 2443 dem
480 2413 703 2442 sacrorum
725 2401 946 2442 antistites
978 2405 1047 2442 est
1082 2399 1342 2440 constituta.
1400 2399 1511 2441 Tuae
1543 2400 1590 2440 in
1619 2412 1688 2440 me
1717 2412 1793 2441 vo·

346 2470 540 2517 luntatis,
561 2468 788 2521 mutuique
820 2468 932 2508 inter
969 2480 1047 2508 nos
1082 2466 1244 2507 amoris
1281 2471 1606 2507 monumentum
1641 2469 1792 2507 extare

347 2537 576 2591 publicum
598 2535 777 2577 voluisti
798 2535 929 2588 prior.
992 2533 1143 2573 Meum
1175 2536 1241 2573 est
1262 2536 1388 2574 tanto
1420 2533 1664 2574 studiosius
1695 2527 1792 2574 istis

348 2604 555 2645 amicitiae
594 2602 752 2644 officiis
779 2601 1056 2655 respondere,
1091 2603 1134 2640 et
1169 2612 1268 2641 cum
1301 2599 1495 2640 maxime
1527 2612 1691 2648 curare,
1722 2611 1792 2648 ne,

351 2672 528 2712 sublato
560 2684 695 2724 nuper
718 2684 741 2711 e
765 2670 879 2711 vivis
901 2681 1070 2710 summo
1094 2667 1154 2708 rei
1175 2667 1384 2709 literariae
1403 2666 1538 2716 malo,
1556 2666 1664 2708 Viro
1683 2664 1791 2706 Am-

350 2738 566 2791 plissimo‚
600 2737 727 2778 Fred.
766 2737 930 2778 Bened.
967 2735 1230 2789 Carpzovio,
1264 2734 1492 2788 praecipuo
1526 2732 1792 2775 Commercii

352 2804 490 2845 nostri
506 2803 798 2852 Conciliatore
812 2809 854 2846 et
871 2803 1129 2857 lutei-prete,
1152 2801 1269 2843 illius
1289 2813 1395 2842 usus
1416 2813 1530 2842 nunc
1551 2800 1792 2848 exolescat,
