1915 3231
263 332 348 375 328
755 344 970 376 DARnrxs
1003 345 1218 376 PHRYGH

264 438 343 479 sed
378 443 535 489 tamen,
572 439 687 493 quod
724 440 1040 493 Agamemnoni
1078 441 1186 482 nihil
1219 453 1377 495 negare
1411 442 1574 495 possit,
1605 453 1707 482 cum

263 511 439 559 tempus
469 519 626 559 pugnae
649 509 994 561 supervenisset,
1015 523 1064 550 se
1095 508 1256 550 milites
1277 520 1384 549 suos
1412 509 1645 549 missurum
1665 522 1674 546 :
1691 506 1707 529 *¹

262 573 411 625 ipsum
449 577 707 614 excusatum
745 574 923 615 haberet
958 575 1080 629 quod
1121 588 1170 616 se
1205 575 1439 615 abstineret
1475 587 1502 615 a
1536 572 1708 628 pugna.i

262 638 568 691 Agamemnon
601 640 641 681 ei
673 642 836 693 gratias
858 642 961 694 agit.
1019 641 1125 696 [32]
1153 642 1353 695 Tempus
1377 654 1534 694 pugnae
1555 653 1708 693 super-

262 706 407 747 venit:
436 706 615 759 Trojani
644 708 885 748 exercitum
904 700 1108 749 educunt.
1167 707 1334 749 Contra
1361 706 1518 759 Argivi
1547 706 1707 760 prode—

261 777 354 813 unt.
412 772 614 814 Achilles
647 768 980 826 Myrmidonasss'
1011 775 1201 824 instruit,
1240 774 1297 815 ad
1326 773 1706 826 Agamemnonem

260 843 441 892 paratos
462 839 611 881 mittit.
660 840 736 880 Fit
755 853 907 892 pugna
926 841 1092 894 major:
1115 842 1277 882 acriter
1293 840 1490 882 saevitur.
1530 837 1708 880 Troilus

263 906 379 946 enim
399 906 445 946 in
465 906 610 959 prima
631 906 727 947 acie
747 905 939 956 Argivos
971 907 1119 957 caedit,
1149 906 1455 960 Myrmidonas
1484 905 1709 960 persequi·

260 977 357 1014 tur:
387 972 723 1025 impressionem
752 972 860 1013 facit
890 973 935 1013 in
965 978 1136 1015 castra:
1166 974 1328 1014 multos
1350 973 1541 1014 occidit:
1571 972 1707 1026 pluri-

258 1051 357 1078 mos
378 1038 567 1079 sauciat.
626 1038 749 1092 Ajax
765 1039 1052 1080 Telamonius
1073 1040 1264 1080 obstitit.
1321 1040 1503 1094 Trojani
1518 1040 1706 1081 victores

258 1104 304 1144 in
325 1104 538 1158 oppidum
558 1109 845 1145 revertuntur.
904 1105 1091 1146 Postera
1112 1105 1184 1146 die
1208 1104 1513 1157 Agamemnon
1535 1104 1708 1146 exerci-

259 1177 353 1211 tum
370 1171 542 1212 educit:
561 1184 711 1212 omnes
734 1171 872 1212 duces
894 1180 940 1212 et
961 1171 1263 1225 Myrmidones
1282 1172 1512 1225 prodeunt.
1543 1172 1583 1213 E
1600 1184 1705 1213 con-

258 1242 327 1278 tra
346 1237 528 1291 Trojani
547 1237 640 1278 laeti
659 1238 703 1278 in
726 1238 868 1278 aciem
890 1238 1120 1291 prodeunt.
1154 1239 1316 1280 Praelio
1337 1239 1570 1280 commisso
1585 1243 1706 1279 uter-

258 1317 344 1357 que
365 1305 590 1345 exercitus
625 1305 738 1346 inter
768 1318 817 1345 se
849 1305 1082 1347 dimicant:
1115 1306 1274 1347 acriter
1308 1319 1387 1360 per
1418 1306 1591 1359 aliquot
1611 1304 1705 1346 dies

256 1375 497 1424 pugnatur:
554 1377 676 1413 muta
698 1371 839 1412 millia
859 1372 1080 1413 hominum
1101 1385 1156 1413 ex
1175 1378 1359 1426 utraque
1387 1376 1509 1426 parte
1529 1371 1706 1413 cadunt.

257 1437 434 1478 Troilus
455 1438 759 1491 Myrmidonas
779 1439 1074 1492 persequitur,
1096 1440 1268 1490 sternit,
1291 1440 1429 1493 fugat.
1469 1438 1706 1492 Agamem-

256 1516 344 1544 non
366 1509 413 1546 ut
434 1505 543 1546 vidit
573 1505 723 1558 plures
755 1518 813 1546 ex
844 1518 926 1546 sua
954 1510 1079 1558 parte
1099 1507 1289 1556 occisos,
1322 1506 1524 1547 inducias
1545 1506 1590 1545 in
1610 1505 1704 1547 dies

257 1570 428 1623 triginta
457 1572 584 1624 petit,
607 1578 657 1613 ut
687 1585 798 1612 suos
828 1572 1031 1613 funerare
1050 1573 1214 1625 possit.
1273 1573 1477 1614 Priamus
1497 1571 1702 1612 inducias

257 1637 409 1688 dedit3
455 1651 562 1679 suos
603 1639 790 1692 quisque
827 1639 1111 1692 sepeliendos
1152 1644 1286 1681 curat.
1356 1639 1464 1692 [33]
1505 1638 1703 1691 Tempus

256 1717 418 1757 pugnae
459 1707 729 1759 supervenit.
788 1706 970 1759 Trojani
1001 1707 1240 1748 exercitum
1275 1706 1479 1747 educunt.
1538 1704 1702 1746 Contra

259 1769 564 1822 Agamemnon
587 1785 735 1813 omnes
754 1772 894 1814 duces
923 1773 968 1813 in
999 1786 1190 1826 pugnam
1210 1773 1337 1826 cogit.
1398 1773 1561 1813 Praelio
1582 1785 1703 1813 com-

254 1838 391 1878 misso
425 1837 477 1878 fit
507 1851 665 1891 magna
697 1839 873 1880 caedes:
908 1840 1065 1880 acriter
1086 1840 1288 1881 saeviunt.
1347 1840 1593 1892 Postquam
1613 1839 1701 1892 pri·

255 1915 374 1943 mum
397 1907 569 1957 tempus
590 1904 675 1944 diei
698 1905 885 1955 transiit,
905 1905 1052 1958 prodit
1072 1907 1115 1945 in
1137 1902 1320 1958 praeliok
1339 1905 1532 1956 Troilus,
1554 1905 1699 1954 caedit,

255 1970 504 2022 prosternit.
566 1969 722 2022 Argivi
741 1970 889 2023 fugam
911 1984 1010 2012 cum
1031 1971 1220 2012 clamore
1242 1972 1457 2013 fecerunt.
1497 1971 1700 2012 Achilles

254 2040 306 2076 ut
325 2036 440 2076 vidit
459 2036 656 2077 Troilum
675 2037 738 2078 ita
758 2038 933 2087 saevire,
959 2043 1004 2078 et
1022 2038 1200 2091 Argivis
1229 2039 1457 2088 insultare,
1480 2038 1698 2091 simulque

255 2102 345 2142 sine
365 2101 681 2143 intermissione
704 2107 999 2156 prosternere,
1020 2103 1210 2156 Argivos
1240 2105 1455 2153 laborare,
1492 2104 1701 2157 prosiluit

255 2168 298 2209 in
319 2169 498 2209 bellum.
557 2168 670 2210 Eum
705 2170 918 2211 continuo
954 2171 1135 2212 Troilus
1170 2169 1402 2226 praecipit,l
1437 2175 1482 2212 et
1514 2171 1698 2212 sauciat.

857 2298 1095 2312 eeeeeeeeeeee

295 2373 314 2402 8
339 2371 564 2413 Myrmidones,
579 2376 615 2404 et
633 2373 680 2405 sic
699 2375 838 2416 passim,
852 2375 979 2418 Delph.

906 2492 1046 2524 NOTAE

292 2557 306 2580 ¹¹
329 2559 371 2592 Se
385 2559 500 2591 milites
510 2570 580 2592 suos
595 2562 775 2604 missurum]
809 2564 861 2595 Ex
877 2565 948 2596 Ho-
1003 2575 1068 2597 non
1095 2565 1286 2597 abstineat.’
1322 2565 1394 2597 Liv.
1420 2575 1502 2598 vm.
1528 2568 1698 2600 ‘Alexan-

253 2618 346 2641 mero
361 2610 584 2651 immutatum,
601 2612 692 2651 apud
710 2623 807 2654 quem
830 2614 946 2646 Achil·
1001 2615 1097 2646 ‹lrum
1128 2616 1277 2647 Romano
1308 2615 1395 2647 bello
1423 2615 1561 2649 fortuna
1591 2619 1696 2650 absti-

252 2660 300 2690 les
312 2659 445 2700 quidem
462 2669 612 2700 pugnare
623 2663 836 2702 recusat,sed
851 2664 945 2704 Myr·
998 2664 1094 2696 nuit.’

251 2709 403 2740 midonas
426 2719 502 2741 suos
524 2718 598 2740 cum
620 2709 783 2743 Patroclo
805 2713 838 2743 in
860 2722 944 2754 pug-
1041 2713 1057 2735 k
1079 2714 1195 2744 Prodit
1208 2713 1242 2744 in
1254 2714 1378 2754 praezio]
1407 2715 1528 2747 Potius
1543 2718 1694 2750 scribere

251 2769 328 2790 nam
345 2760 462 2791 mittit.
999 2762 1162 2800 debebat,
1175 2763 1226 2794 ‘in
1237 2764 1419 2804 praelium3’
1435 2769 1471 2797 ut
1483 2765 1583 2803 infra,
1595 2768 1605 2785 ‘
1617 2778 1694 2809 pro-

298 2808 306 2829 ἱ
328 2810 417 2845 Quod
431 2819 463 2841 se
476 2809 645 2842 abstineret
659 2821 679 2842 a
700 2812 821 2852 pugna]
858 2813 943 2844 Bru·
999 2813 1091 2844 siluit
1104 2813 1138 2844 in
1153 2812 1301 2844 bellum?

252 2863 304 2889 tus
330 2859 372 2890 ad
395 2858 570 2892 Atticum:
605 2859 676 2891 ‘Ut
697 2869 733 2891 se
756 2861 943 2894 maledictis
1043 2862 1049 2883 ¹
1084 2862 1253 2903 Pr'a’cipit]
1297 2862 1339 2894 Id
1368 2868 1432 2905 est,
1461 2870 1693 2907 praeoccupat.
