1915 3231
1503 305 1559 346 17

104 418 128 447 e
149 405 311 459 quibus
341 404 523 459 Trojani
561 405 665 446 belli
696 406 840 446 verior
867 410 1017 447 textus
1051 407 1254 448 innotuit.
1311 407 1437 449 Tunc
1471 409 1559 450 Eu-

104 470 334 526 praxidem
357 471 607 512 muneribus
629 477 675 512 et
697 472 903 513 Romana
924 473 1108 514 civitate
1131 473 1343 515 donatum
1364 474 1420 515 ad
1456 489 1558 528 pro-

103 538 200 591 pria
234 538 409 578 remisit.
470 537 670 579 Annales
703 552 808 580 vero
841 539 1014 580 nomine
1050 539 1210 594 Dictys
1239 540 1482 594 inscriptos
1514 544 1557 584 in

101 603 312 646 Graecam
349 605 668 646 Bibliothecam
701 608 880 660 recepit.
940 606 1141 656 Quorum
1173 605 1360 658 seriem,i
1391 609 1469 662 qui
1491 622 1558 650 se·

104 671 252 725 quitur
271 674 438 723 textus,
462 673 671 713 ostendit.

695 313 972 344 PRAEFATlo.

434 816 492 867 Q.
524 817 869 860 SEPTIMIUS
903 818 1219 861 ROMANUS

601 918 646 955 Q.
678 905 920 948 ARCADlok
951 918 988 948 s.
1012 920 1058 948 n.

156 1001 564 1045 ΕιἯΕΜΕΒηΉεῐνιι
590 1005 692 1046 belli
727 1005 911 1060 Trojani
938 1006 1095 1061 Dictys
1122 1005 1363 1059 CretensiS‚
1394 1010 1471 1062 qui
1512 1010 1555 1052 in

100 1084 156 1112 ea
187 1071 344 1112 militia
364 1085 463 1112 cum
494 1072 734 1114 [domeneo
766 1074 937 1123 meruit,
961 1074 1221 1128 conscripsit
1248 1075 1386 1116 literis
1419 1077 1555 1118 Puni-

99 1138 210 1188 cis,¹¹¹
228 1151 330 1191 quae
348 1143 441 1178 tum
457 1138 626 1180 Cadmo
641 1145 686 1180 et
708 1140 910 1193 Agenore
926 1146 942 1163 ¹¹
965 1142 1221 1183 auctoribus
1234 1155 1312 1195 per
1326 1142 1550 1189 Graeciam,

97 1204 501 1258 frequentabantur.
576 1207 691 1247 Dein
726 1214 831 1261 post
865 1209 1001 1249 multa
1029 1209 1198 1250 saecula
1235 1209 1440 1263 collapso
1471 1224 1552 1264 per

99 1276 360 1313 vetustatem
385 1273 503 1326 apud
533 1273 730 1323 Gnoson,
758 1275 862 1315 olim
894 1274 1115 1315 Cretensis
1135 1275 1258 1328 regni
1279 1275 1462 1326 sedem,⁰
1484 1291 1551 1318 se-

99 1339 250 1391 pulcro
273 1340 384 1393 eju5‚
407 1344 607 1394 pastores
629 1355 729 1382 cum
762 1355 815 1383 eo
837 1342 1136 1392 devenissent,
1154 1343 1267 1383 forte
1303 1343 1417 1384 inter
1435 1349 1553 1385 cete-

97 1417 190 1446 ram
212 1406 379 1447 ruinam
406 1407 604 1448 loculum
637 1412 794 1449 stanno
816 1409 978 1450 affabre
1000 1410 1196 1450 clausum
1220 1409 1438 1451 offendere
1458 1425 1468 1452 :
1500 1425 1553 1453 ac

94 1471 343 1514 thesaurum
364 1474 461 1524 rati,
481 1487 586 1516 mox
607 1475 874 1526 dissolvunt,
891 1490 974 1518 non
995 1489 1162 1527 aurum,
1183 1490 1267 1518 nec
1287 1477 1410 1519 aliud
1431 1478 1554 1532 quic-

138 1604 152 1626 ¹¹
177 1606 280 1638 Jussit
307 1606 342 1638 in
372 1607 517 1638 Graecum
544 1617 713 1639 sermonem
735 1606 797 1638 isla

94 1656 277 1697 transferri]
292 1658 383 1697 Ergo
398 1667 465 1688 non
482 1658 589 1688 solum
602 1657 710 1689 literis
728 1658 795 1689 Pu-

94 1704 181 1736 nicis
197 1707 381 1747 scripserat
394 1707 525 1748 Dictys,
534 1707 593 1739 sed
608 1707 714 1739 etiam
727 1707 795 1739 Pu-

93 1754 172 1787 nico
199 1765 366 1789 sermone.
424 1757 506 1798 Ipse
536 1762 646 1789 tamen
674 1757 796 1799 Dictys

92 1811 248 1839 extremo
264 1807 352 1840 libro
368 1808 487 1849 quinto
502 1809 613 1841 innuit
624 1818 661 1841 se
674 1810 797 1841 Graeco

93 1865 250 1888 sermone
276 1857 463 1898 scripsisse,
482 1858 635 1900 quamvis
658 1859 796 1890 Phoeni-

94 1905 155 1938 ciis
169 1907 291 1940 literis.
338 1908 422 1949 Ejus
438 1909 542 1940 verba
559 1914 658 1940 sunt:
683 1907 695 1924 ‘
708 1908 794 1940 Haec

92 1965 156 1996 ego
173 1957 338 1990 Gnossius
360 1959 497 2001 Dictys,
521 1969 634 1991 comes
660 1959 795 1992 Idome-

92 2007 161 2046 nei,
174 2009 361 2050 conscripsi
377 2010 530 2041 0ratione
541 2020 582 2041 ca
592 2020 689 2051 quam
703 2019 797 2041 max-

92 2057 158 2088 ime
174 2058 262 2089 iuter
277 2063 345 2090 tam
361 2059 495 2091 diversa
511 2060 672 2102 loquendi
692 2070 794 2101 gene·

92 2115 130 2136 ra
144 2107 306 2148 consequi
323 2118 363 2139 ac
379 2109 670 2149 comprehendere
686 2110 795 2151 potui,

88 2156 196 2188 literis
219 2157 360 2190 Punicis
383 2159 426 2190 ab
450 2159 578 2191 Cadmo
603 2161 791 2201 Danaoque

92 2206 238 2238 traditis.
284 2208 406 2250 Neque
423 2210 469 2241 sit
484 2211 603 2241 mirum
620 2211 791 2252 cuiquam,

90 2257 281 2297 siquamvis
299 2258 415 2290 Graeci
431 2269 559 2299 omnes,
584 2259 721 2291 diverso
741 2264 790 2292 ta·

90 2316 167 2338 men
181 2307 270 2339 inter
286 2319 322 2340 se
336 2319 493 2341 sermone
515 2315 633 2351 agunt,
650 2321 727 2342 cum
749 2321 791 2342 ne

91 2367 152 2389 nos
179 2358 327 2399 quidem,
353 2360 449 2390 unius
480 2360 631 2400 ejusdem
658 2360 793 2400 insulae,

93 2406 191 2438 simili
209 2407 335 2448 lingna,
351 2409 410 2440 sed
437 2411 528 2441 varia
555 2410 790 2452 permixtaque

90 2457 250 2489 utamur.’

136 2509 181 2539 Et
198 2508 270 2549 ipse
293 2509 478 2550 Septimius
502 2509 535 2540 in
564 2511 718 2551 Epistola
744 2511 792 2542 ait

92 2560 320 2600 Eupraxidem
337 2561 345 2576 ‘
363 2565 586 2592 commutatos
603 2565 733 2592 tantum
755 2562 791 2592 li—

91 2610 173 2641 toris
191 2608 329 2649 Atticis,
347 2619 422 2640 narn
437 2611 547 2641 oratio
571 2611 697 2642 Graeca
715 2610 789 2641 fue-

88 2664 155 2698 rat,
172 2659 300 2690 Neroni
314 2658 416 2690 libros
431 2659 620 2691 obtulisse)

133 2708 141 2729 ί
165 2710 302 2745 Quorum
324 2707 448 2748 seriem]
472 2709 518 2740 Et
541 2709 613 2740 haec
636 2708 790 2740 indicant

91 2762 289 2800 sequentem
320 2758 506 2799 Epistolam
539 2758 695 2799 Septimii
731 2768 789 2790 no·

90 2808 180 2839 mine
199 2808 324 2839 editam
341 2817 414 2839 esse
433 2819 450 2839 a
468 2809 554 2839 mala
578 2819 690 2845 manu,
714 2819 786 2849 quae

91 2869 154 2890 nec
180 2863 276 2889 extat
302 2859 335 2889 iu
362 2859 456 2889 libris
487 2859 570 2890 Mss.
598 2864 633 2889 et
665 2859 786 2889 seriem

174 2913 287 2954 Delph.
303 2915 331 2944 et
351 2912 425 2944 γαν,
447 2913 529 2943 Clas.

848 1606 933 1638 hanc
963 1607 1091 1647 turbat,
1122 1616 1233 1649 neque
1261 1605 1443 1647 quiequam
1474 1605 1551 1636 novi

848 1666 909 1688 nos
925 1656 1040 1697 docet,
1055 1658 1115 1689 sed
1132 1657 1319 1697 interpolat
1332 1660 1460 1687 tantum
1475 1665 1551 1696 quae

848 1706 881 1737 in
899 1707 1082 1747 superiori,
1110 1711 1146 1738 et
1171 1706 1301 1739 Quinto
1330 1704 1477 1736 Arcadio
1503 1704 1550 1735 in-

848 1756 979 1796 scripta
1003 1757 1035 1787 in
1060 1756 1217 1788 Rufinum
1234 1755 1371 1795 desinit,
1388 1760 1423 1786 et
1440 1755 1552 1795 Ephe-

848 1806 1012 1838 meridem
1030 1807 1182 1838 nominat
1197 1806 1286 1837 hunc
1303 1806 1425 1837 librum
1442 1806 1550 1836 minus

848 1856 1000 1897 proprie,
1021 1861 1071 1896 et,
1093 1861 1130 1887 ut
1153 1856 1257 1887 semel
1273 1855 1397 1895 dicam,
1413 1856 1550 1886 omnino

846 1909 899 1937 est
916 1906 1035 1946 nuperi
1054 1911 1090 1938 et
1111 1906 1261 1947 imperiti
1287 1905 1550 1937 Grammaticuli

845 1956 1022 1996 scriptum.
1068 1955 1254 1988 Aildebant
1269 1956 1461 1996 superiores
1477 1955 1549 1987 edi-

846 2006 956 2036 tiones
987 2006 1212 2047 appendicem
1236 2005 1403 2047 quandam
1426 2015 1550 2046 genea-

845 2056 989 2096 logicam
1018 2056 1208 2097 imperitius
1238 2055 1341 2086 etiam
1372 2056 1549 2096 scriptam,

845 2106 1036 2147 quamjure
1058 2105 1181 2138 merito
1201 2105 1437 2147 expunximus.
1462 2105 1549 2137 Mer·

842 2166 906 2187 cer.

887 2205 901 2226 Ι(
927 2206 1044 2242 Quinto
1053 2205 1205 2246 Arcadio]
1220 2206 1287 2238 Qui
1305 2206 1367 2238 sub
1384 2207 1549 2238 Constan-

845 2257 917 2288 tino
950 2257 1038 2297 lmp.
1072 2257 1293 2288 Consulatum
1328 2257 1432 2295 gessit
1460 2266 1548 2287 anno

844 2306 934 2337 urbis
955 2309 1048 2338 1068.
1104 2306 1217 2344 Unde,
1232 2306 1259 2336 si
1283 2308 1431 2347 genuina
1456 2312 1548 2339 esset

844 2356 1011 2396 Epistola,
1037 2361 1238 2396 sequeretur
1259 2356 1346 2388 hunc
1372 2362 1546 2389 auctorem

843 2406 1022 2446 scripsisse
1039 2406 1145 2445 ipsius
1162 2407 1378 2438 Constantini
1396 2411 1510 2438 aetate.

886 2455 894 2477 ¹
912 2456 1159 2497 Epltcmeridem]
1177 2457 1291 2487 Minus
1308 2457 1446 2497 proprie
1459 2458 1547 2489 hanc

845 2507 1032 2537 Historiam
1057 2511 1177 2537 vocant
1195 2506 1470 2547 Ephemeridem,
1489 2516 1544 2538 ue-

818 2572 821 2576 ν
844 2568 910 2599 que
927 2558 1015 2588 enim
1033 2563 1128 2588 actus
1146 2558 1284 2588 diurnos
1301 2558 1466 2588 continet.

886 2611 908 2626 ¹²¹
931 2607 1048 2638 Literis
1073 2606 1220 2646 Punicis]
1241 2607 1329 2637 Vide
1346 2617 1420 2648 quae
1443 2608 1475 2638 in
1489 2618 1546 2640 no·

845 2658 887 2687 tis
904 2657 944 2688 ad
964 2656 1210 2697 prael'ationem.

885 2711 899 2727 ¹¹
925 2707 1004 2742 Quae
1020 2710 1087 2737 tum
1104 2708 1220 2737 Cadmo
1235 2710 1265 2736 et
1280 2705 1436 2746 Agenore]
1458 2707 1545 2740 Cad-

841 2766 896 2788 mo
913 2757 1096 2797 Danaoque
1113 2755 1232 2787 scribit
1246 2756 1302 2786 1111.
1320 2765 1355 2787 v.
1367 2756 1400 2787 in
1417 2756 1497 2788 fine.

884 2813 898 2827 ⁰
925 2807 1010 2838 Olim
1040 2806 1200 2838 Cretensis
1224 2807 1314 2845 regni
1341 2807 1455 2848 sedem]
1486 2806 1543 2840 Ibi

843 2858 930 2888 enirn
947 2858 1059 2888 Minos
1075 2857 1201 2896 regiam
1216 2856 1394 2888 habuerat.

733 2911 822 2942 Dicl.
844 2912 929 2940 Cret.
1426 2911 1454 2940 B
