1915 3231
240 254 296 294 (52
589 263 691 294 JAC.
725 263 977 293 PEthoNu
1014 262 1343 293 DrsssskrA'rro

241 363 319 403 &c.
354 361 458 415 Leg.
478 362 491 382 ‘
511 358 613 402 ideo
634 360 644 378 '
666 361 729 402 ait
744 360 1022 414 Vindingius.
1061 360 1123 402 At
1141 374 1244 402 vero
1260 361 1466 414 frequens
1480 364 1548 404 est
1563 363 1684 416 apud

242 429 434 483 optimos
455 432 670 478 auctores,
690 431 737 469 ut
757 430 770 449 ‘
786 441 840 469 eo
856 427 867 443 '
887 431 1073 482 ponatur
1102 441 1180 482 pro
1209 430 1222 449 ‘
1238 427 1369 468 ideo!
1425 428 1680 479 SallustiuS,

243 499 256 518 ‘
270 496 336 537 Eo
358 495 570 549 Respubl.
593 496 639 536 in
659 500 856 536 extremo
879 497 965 536 sita
983 494 1076 536 est.’
1135 494 1204 544 Et,
1235 498 1248 516 ‘
1264 507 1318 536 eo
1340 494 1389 535 fit
1416 499 1467 536 ut
1491 496 1682 548 impetus

242 560 348 602 fiat.’
379 561 479 603 Cat.
496 560 567 603 52.
587 563 599 582 ‘
617 561 846 602 Nobilitas
867 561 1006 602 noxia
1025 565 1154 614 atque
1169 573 1223 602 eo
1240 559 1467 614 perculsa?
1496 561 1526 603 J
1529 574 1600 615 ug.
1613 562 1685 603 42.

244 628 302 669 Et
334 629 400 670 ita
439 630 605 682 passim
640 628 813 678 Livius,
842 627 1040 678 Tacitus,
1082 628 1306 682 Sulpicius
1347 628 1554 678 Severus,
1592 629 1685 682 qui,

244 708 370 748 aeque
391 707 443 735 ac
466 694 640 745 Noster,
662 694 917 736 Sallustium
936 694 1096 735 imitari
1116 695 1241 736 solet.

303 773 376 801 ιιι.
421 763 490 803 10.
538 761 690 803 ‘Alter
729 757 1035 802 Echinadibifs
1073 762 1335 816 imperator!
1410 761 1687 814 Vindingius,

246 830 371 882 ‘lege
394 827 690 871 Echinadum.’
748 829 881 880 Quod
909 830 1055 879 miror,
1082 842 1181 870 cum
1204 830 1288 883 ipsi
1313 829 1528 882 Septimio
1550 829 1687 869 usita-

245 898 336 936 tum
374 897 445 946 sit,
478 896 587 937 talia
624 909 721 937 cum
757 897 908 938 dativo
947 901 1213 938 construere.
1273 896 1342 938 lta
1370 909 1475 937 mox
1497 897 1564 936 14.
1595 895 1688 936 ‘Hi

247 963 494 1011 Larissaeis,
516 960 655 1002 Asius
677 963 807 1003 Sesto
829 962 1086 1015 regnantes?
1147 964 1287 1004 Plane
1311 968 1354 1004 ut
1375 963 1544 1004 Ennius
1566 962 1687 1017 apud

248 1028 428 1069 Festum
443 1028 485 1068 in
507 1041 618 1069 voce
637 1031 649 1052 ‘
668 1027 905 1078 Quadrata
920 1027 945 1069 ε’
965 1032 978 1049 ‘
996 1029 1156 1070 Romae
1176 1042 1356 1082 regnare
1378 1028 1637 1083 quadratae:

306 1106 379 1136 ιιι.
402 1096 470 1135 15.
504 1098 517 1117 ‘
536 1095 656 1136 Gens
675 1095 897 1144 bellatrix,
918 1100 961 1136 et
991 1097 1048 1136 ob
1067 1097 1112 1136 id
1133 1096 1190 1137 ad
1219 1097 1429 1137 finitimos
1449 1095 1689 1137 indomita.’

247 1161 391 1203 Etiam
412 1162 483 1202 hic
509 1161 639 1215 jubet
677 1164 690 1182 ‘
709 1161 827 1214 apud
843 1161 852 1176 '
891 1174 971 1215 pro
1012 1162 1115 1203 ‘ad'
1154 1162 1258 1214 legi,
1277 1163 1480 1215 quamvis
1506 1163 1587 1204 hoc
1607 1174 1687 1215 pro

247 1230 260 1248 ‘
275 1227 393 1281 apud
409 1228 418 1243 ’
451 1229 617 1281 passim
639 1232 853 1269 occurrat.
914 1228 1011 1268 Liv.
1036 1239 1066 1268 1.
1083 1228 1124 1268 3.
1165 1230 1178 1248 ‘
1196 1227 1377 1269 Celebre
1407 1228 1462 1269 ad
1485 1231 1688 1281 posteros

247 1307 403 1335 nomen
431 1294 566 1335 fluvio
596 1293 748 1336 dedit.'
804 1294 874 1336 26.
896 1297 909 1315 ‘
926 1293 1089 1347 Ingrati
1119 1294 1175 1335 ad
1196 1295 1356 1346 vulgus
1377 1293 1566 1348 judicii:
1614 1294 1685 1335 36.

248 1363 261 1381 ‘
284 1360 349 1402 Ut
369 1366 487 1402 esset
507 1360 561 1402 ad
583 1365 784 1414 posteros
807 1361 1008 1402 miraculi
1030 1361 1126 1415 ejus
1146 1360 1498 1402 monumentum?
1538 1361 1688 1402 Plaut.

248 1427 366 1468 Prol.
386 1426 517 1480 Capt.
540 1439 585 1469 v.
606 1427 679 1468 49.
714 1428 834 1468 ‘Hic
861 1433 1006 1469 manet
1040 1429 1087 1468 in
1120 1428 1324 1468 servitute
1356 1427 1414 1469 ad
1447 1440 1575 1469 suum
1608 1440 1691 1481 pa-

248 1492 383 1534 trem?
439 1493 592 1534 Sticho
614 1503 688 1533 111.
717 1494 757 1534 l.
789 1494 861 1535 35.
899 1494 1102 1535 ‘Jubebo
1132 1494 1187 1534 ad
1220 1494 1476 1546 Sagarinum
1512 1505 1688 1534 coenam

250 1558 412 1612 coqui?
470 1559 628 1600 Possis
649 1559 780 1600 etiam
800 1571 1037 1612 exponere,
1056 1563 1068 1583 ‘
1084 1559 1204 1614 quod
1225 1560 1318 1601 ad:'
1345 1560 1410 1600 sic
1429 1559 1552 1601 Mela
1574 1569 1625 1599 ιι.
1644 1559 1689 1601 3.

249 1628 262 1646 ‘
280 1625 422 1666 Urbes
443 1638 574 1678 pares
596 1625 653 1666 ad
674 1625 864 1666 famam.'

308 1702 379 1731 111.
399 1692 469 1732 26.
499 1694 511 1712 ‘
527 1691 715 1732 Tantum
738 1704 786 1732 se
807 1692 851 1732 in
873 1691 1075 1732 Hecubae
1096 1691 1367 1745 filiarumque
1388 1691 1687 1733 recordatione

250 1757 462 1799 cruciari!
519 1757 640 1798 Tolli
658 1758 704 1798 in
723 1758 791 1798 his
805 1758 935 1811 jubet
951 1758 1210 1812 particulam
1231 1762 1243 1779 ‘
1257 1758 1327 1799 in.’
1383 1758 1448 1799 At
1467 1759 1531 1799 ita
1553 1759 1688 1800 Plau-

250 1828 322 1865 tus
343 1823 497 1865 Sticho
513 1835 544 1864 1.
559 1824 598 1865 l.
617 1825 686 1865 54.
718 1824 795 1865 ‘In
815 1824 1047 1877 cogitando
1063 1837 1250 1866 moerore
1271 1824 1459 1877 augeor?
1488 1824 1689 1866 Trinum.

253 1902 305 1932 11.
332 1893 366 1933 Ι.
387 1892 429 1931 l.
450 1894 463 1912 ‘
482 1890 672 1933 Multum
698 1892 744 1932 in
773 1892 1004 1944 cogitando
1033 1891 1231 1932 dolorem
1262 1891 1530 1946 indipiscor.'
1590 1892 1687 1934 cic.

253 1958 377 1999 Fam.
398 1968 432 1998 1.
452 1958 493 1999 6.
525 1960 538 1979 ‘
555 1970 684 2011 quem
716 1958 909 2000 dolorem
938 1959 985 1998 in
1013 1959 1145 1999 rebus
1175 1959 1262 1999 tuis
1294 1960 1424 2012 capio
1440 1958 1464 2011 ;'
1494 1964 1540 2001 et
1561 1969 1626 2000 νι.
1646 1959 1690 2000 2.

254 2028 266 2046 ‘
286 2024 393 2065 nihil
412 2037 510 2064 esse
541 2024 747 2078 cuiquam
767 2024 1000 2065 dolendum
1033 2024 1258 2077 praecipue
1279 2026 1324 2066 in
1346 2038 1415 2075 eo,
1437 2026 1555 2079 quod
1573 2026 1690 2067 acci-

253 2091 331 2132 dat
360 2089 599 2132 universis?
657 2091 837 2131 Sueton.
856 2090 995 2144 Vesp.
1011 2092 1079 2133 16.
1102 2094 1114 2112 ‘
1131 2091 1242 2132 Sola
1260 2096 1339 2141 est,
1362 2093 1405 2133 in
1425 2105 1514 2146 qua
1533 2092 1690 2132 merito

253 2157 464 2210 culpetur,
485 2158 685 2210 pecuniae
717 2157 968 2211 cupiditas?
1026 2158 1161 2199 Patet
1199 2170 1255 2198 ex
1285 2158 1370 2207 his,
1400 2171 1533 2212 quam
1572 2158 1689 2198 male

254 2224 384 2265 etlam
422 2236 527 2264 mox
573 2225 616 2265 8.
648 2227 759 2265 ‘non
785 2226 880 2278 jam
911 2224 1034 2265 dolor
1064 2225 1108 2264 in
1147 2238 1255 2266 casu
1292 2223 1577 2273 Memnonis:
1605 2224 1689 2277 legi

252 2290 364 2330 velit
385 2293 397 2311 ‘
411 2302 468 2329 ex
485 2290 620 2332 casu.'

312 2367 378 2398 ιν.
400 2357 439 2396 1.
469 2358 483 2377 ‘
503 2355 595 2406 Qui
631 2356 794 2411 inclyta
821 2369 900 2410 per
931 2361 1084 2409 gentes
1112 2356 1257 2398 fama?
1318 2357 1410 2398 Hic
1440 2355 1690 2409 legendum,

256 2424 268 2442 ‘
282 2422 497 2475 inclytus:
526 2425 601 2472 ait,
621 2424 741 2476 quod
761 2427 881 2477 turpe
900 2427 965 2464 est
984 2424 1079 2465 viro
1096 2438 1106 2465 ε
1137 2437 1235 2465 cum
1256 2424 1408 2477 utique
1428 2424 1471 2463 in
1491 2423 1572 2463 hac
1592 2423 1691 2475 ipsa

255 2488 446 2529 Periodo
465 2493 673 2542 sequatur
693 2490 747 2530 de
778 2490 931 2530 eodem
963 2489 1169 2540 Hectore,
1189 2490 1308 2542 quod
1338 2489 1531 2530 fueritin
1560 2501 1692 2542 pace,

255 2555 492 2606 ‘praeclara
526 2556 765 2609 pudicitia:
800 2569 887 2596 non
917 2556 1213 2609 ‘praeclarus'
1274 2557 1330 2597 Et
1358 2568 1465 2596 mox
1499 2568 1540 2596 c.
1561 2557 1606 2597 4.
1637 2556 1692 2596 de

258 2620 504 2670 Memnone,
541 2625 730 2675 ‘magna
760 2621 905 2664 sama?
963 2624 1034 2665 De
1066 2624 1148 2665 hac
1187 2628 1335 2665 autem
1362 2622 1691 2663 constructione

256 2685 355 2726 vide
376 2700 476 2739 quae
496 2690 645 2729 notavi
667 2690 930 2743 §superiore
953 2690 1008 2731 ad
1028 2701 1102 2732 ιιι.
1131 2691 1166 2731 Ι.

317 2764 381 2792 ιν.
401 2753 441 2793 8.
473 2758 483 2776 ‘
507 2755 595 2805 Qui
618 2761 814 2809 peterent
834 2769 999 2809 eorum,
1021 2758 1097 2811 qui
1123 2758 1165 2798 in
1194 2756 1313 2799 bello
1335 2754 1590 2815 ceciderant,
1609 2754 1692 2796 hu·-
