<?xml version="1.0" encoding="UTF-8"?>
<!DOCTYPE html PUBLIC "-//W3C//DTD XHTML 1.0 Transitional//EN"
    "http://www.w3.org/TR/xhtml1/DTD/xhtml1-transitional.dtd">
<html xmlns="http://www.w3.org/1999/xhtml" xml:lang="en" lang="en">
 <head>
  <title>
</title>
<meta http-equiv="Content-Type" content="text/html;charset=utf-8" />
  <meta name='ocr-system' content='tesseract 3.04.00' />
  <meta name='ocr-capabilities' content='ocr_page ocr_carea ocr_par ocr_line ocrx_word'/>
</head>
<body>
  <div class='ocr_page' id='page_1' title='image "./dictyscretensise01dictuoft_0355.png"; bbox 0 0 1915 3231; ppageno 0'>
   <div class='ocr_carea' id='block_1_1' title="bbox 557 357 1620 399">
    <p class='ocr_par' dir='ltr' id='par_1_1' title="bbox 557 357 1620 399">
     <span class='ocr_line' id='line_1_1' title="bbox 557 357 1620 399; baseline 0.001 -2"><span class='ocrx_word' id='word_1_1' title='bbox 557 368 620 398; x_wconf 87' lang='lat' dir='ltr'>DE</span> <span class='ocrx_word' id='word_1_2' title='bbox 657 367 826 398; x_wconf 78' lang='lat' dir='ltr'>Excin.</span> <span class='ocrx_word' id='word_1_3' title='bbox 859 367 1026 398; x_wconf 77' lang='lat' dir='ltr'><strong>TROJAE</strong></span> <span class='ocrx_word' id='word_1_4' title='bbox 1060 367 1251 397; x_wconf 75' lang='lat' dir='ltr'>Hisron.</span> <span class='ocrx_word' id='word_1_5' title='bbox 1536 357 1620 399; x_wconf 80' lang='lat'>335</span> 
     </span>
    </p>
   </div>
   <div class='ocr_carea' id='block_1_2' title="bbox 159 461 1620 2112">
    <p class='ocr_par' dir='ltr' id='par_1_2' title="bbox 159 461 1620 2112">
     <span class='ocr_line' id='line_1_2' title="bbox 174 461 1617 514; baseline -0.002 -8"><span class='ocrx_word' id='word_1_6' title='bbox 174 478 224 507; x_wconf 91' lang='lat' dir='ltr'>se</span> <span class='ocrx_word' id='word_1_7' title='bbox 243 465 288 506; x_wconf 89' lang='lat' dir='ltr'>in</span> <span class='ocrx_word' id='word_1_8' title='bbox 307 462 393 504; x_wconf 91' lang='lat' dir='ltr'>fide</span> <span class='ocrx_word' id='word_1_9' title='bbox 415 462 669 514; x_wconf 85' lang='lat' dir='ltr'>astringunt.</span> <span class='ocrx_word' id='word_1_10' title='bbox 727 461 940 511; x_wconf 82' lang='lat' dir='ltr'><strong>Antenor,</strong></span> <span class='ocrx_word' id='word_1_11' title='bbox 967 464 1014 502; x_wconf 90' lang='lat' dir='ltr'>ut</span> <span class='ocrx_word' id='word_1_12' title='bbox 1032 461 1140 502; x_wconf 87' lang='lat' dir='ltr'>vidit</span> <span class='ocrx_word' id='word_1_13' title='bbox 1159 473 1206 501; x_wconf 92' lang='lat' dir='ltr'>se</span> <span class='ocrx_word' id='word_1_14' title='bbox 1227 461 1499 511; x_wconf 84' lang='lat' dir='ltr'>obstrictum,</span> <span class='ocrx_word' id='word_1_15' title='bbox 1520 462 1617 503; x_wconf 89' lang='lat' dir='ltr'>mit·</span> 
     </span>
     <span class='ocr_line' id='line_1_3' title="bbox 173 526 1619 581; baseline -0.001 -10"><span class='ocrx_word' id='word_1_16' title='bbox 173 532 224 572; x_wconf 82' lang='lat' dir='ltr'>tit</span> <span class='ocrx_word' id='word_1_17' title='bbox 245 530 301 570; x_wconf 91' lang='lat' dir='ltr'>ad</span> <span class='ocrx_word' id='word_1_18' title='bbox 327 530 522 578; x_wconf 86' lang='lat' dir='ltr'>AEneam,</span> <span class='ocrx_word' id='word_1_19' title='bbox 545 528 713 577; x_wconf 89' lang='lat' dir='ltr'>dicens,</span> <span class='ocrx_word' id='word_1_20' title='bbox 736 527 1005 581; x_wconf 80' lang='lat' dir='ltr'>prodendam</span> <span class='ocrx_word' id='word_1_21' title='bbox 1028 539 1128 567; x_wconf 90' lang='lat' dir='ltr'>esse</span> <span class='ocrx_word' id='word_1_22' title='bbox 1151 526 1355 579; x_wconf 81' lang='lat' dir='ltr'>patriam,</span> <span class='ocrx_word' id='word_1_23' title='bbox 1377 531 1421 567; x_wconf 91' lang='lat' dir='ltr'>et</span> <span class='ocrx_word' id='word_1_24' title='bbox 1442 528 1525 567; x_wconf 90' lang='lat' dir='ltr'>sibi</span> <span class='ocrx_word' id='word_1_25' title='bbox 1548 542 1619 569; x_wconf 90' lang='lat' dir='ltr'>su-</span> 
     </span>
     <span class='ocr_line' id='line_1_4' title="bbox 171 592 1618 649; baseline -0.001 -12"><span class='ocrx_word' id='word_1_26' title='bbox 171 598 301 649; x_wconf 87' lang='lat' dir='ltr'>isque</span> <span class='ocrx_word' id='word_1_27' title='bbox 322 594 566 635; x_wconf 82' lang='lat' dir='ltr'>cavendum</span> <span class='ocrx_word' id='word_1_28' title='bbox 584 606 712 634; x_wconf 87' lang='lat' dir='ltr'>esse:</span> <span class='ocrx_word' id='word_1_29' title='bbox 743 594 800 634; x_wconf 88' lang='lat' dir='ltr'>ad</span> <span class='ocrx_word' id='word_1_30' title='bbox 829 593 1209 645; x_wconf 84' lang='lat' dir='ltr'>Agamemnonem</span> <span class='ocrx_word' id='word_1_31' title='bbox 1241 592 1295 632; x_wconf 91' lang='lat' dir='ltr'>de</span> <span class='ocrx_word' id='word_1_32' title='bbox 1326 593 1393 632; x_wconf 91' lang='lat' dir='ltr'>his</span> <span class='ocrx_word' id='word_1_33' title='bbox 1429 594 1618 646; x_wconf 84' lang='lat' dir='ltr'>aliquem</span> 
     </span>
     <span class='ocr_line' id='line_1_5' title="bbox 171 657 1617 713; baseline -0.001 -10"><span class='ocrx_word' id='word_1_34' title='bbox 171 661 429 704; x_wconf 82' lang='lat' dir='ltr'>mittendum</span> <span class='ocrx_word' id='word_1_35' title='bbox 451 673 576 701; x_wconf 91' lang='lat' dir='ltr'>esse:</span> <span class='ocrx_word' id='word_1_36' title='bbox 607 672 708 700; x_wconf 83' lang='lat' dir='ltr'>nam</span> <span class='ocrx_word' id='word_1_37' title='bbox 729 671 871 713; x_wconf 87' lang='lat' dir='ltr'>regem</span> <span class='ocrx_word' id='word_1_38' title='bbox 892 658 1050 699; x_wconf 85' lang='lat' dir='ltr'>iratum</span> <span class='ocrx_word' id='word_1_39' title='bbox 1070 657 1123 698; x_wconf 91' lang='lat' dir='ltr'>de</span> <span class='ocrx_word' id='word_1_40' title='bbox 1143 659 1331 699; x_wconf 87' lang='lat' dir='ltr'>concilio</span> <span class='ocrx_word' id='word_1_41' title='bbox 1361 661 1617 710; x_wconf 78' lang='lat' dir='ltr'>surrexisse,</span> 
     </span>
     <span class='ocr_line' id='line_1_6' title="bbox 172 724 1620 782; baseline -0.001 -13"><span class='ocrx_word' id='word_1_42' title='bbox 172 728 279 782; x_wconf 86' lang='lat' dir='ltr'>quia</span> <span class='ocrx_word' id='word_1_43' title='bbox 299 728 339 768; x_wconf 90' lang='lat' dir='ltr'>ei</span> <span class='ocrx_word' id='word_1_44' title='bbox 362 740 518 781; x_wconf 83' lang='lat' dir='ltr'>pacem</span> <span class='ocrx_word' id='word_1_45' title='bbox 539 727 755 767; x_wconf 86' lang='lat' dir='ltr'>suaserit:</span> <span class='ocrx_word' id='word_1_46' title='bbox 786 725 923 766; x_wconf 90' lang='lat' dir='ltr'>vereri</span> <span class='ocrx_word' id='word_1_47' title='bbox 956 738 1005 765; x_wconf 92' lang='lat' dir='ltr'>se</span> <span class='ocrx_word' id='word_1_48' title='bbox 1034 737 1087 765; x_wconf 91' lang='lat' dir='ltr'>ne</span> <span class='ocrx_word' id='word_1_49' title='bbox 1107 724 1213 777; x_wconf 91' lang='lat' dir='ltr'>quid</span> <span class='ocrx_word' id='word_1_50' title='bbox 1234 725 1338 766; x_wconf 91' lang='lat' dir='ltr'>novi</span> <span class='ocrx_word' id='word_1_51' title='bbox 1358 726 1531 767; x_wconf 90' lang='lat' dir='ltr'>consilii</span> <span class='ocrx_word' id='word_1_52' title='bbox 1552 726 1620 767; x_wconf 89' lang='lat' dir='ltr'>in-</span> 
     </span>
     <span class='ocr_line' id='line_1_7' title="bbox 169 791 1618 847; baseline -0.002 -11"><span class='ocrx_word' id='word_1_53' title='bbox 169 800 257 836; x_wconf 87' lang='lat' dir='ltr'>eat.</span> <span class='ocrx_word' id='word_1_54' title='bbox 316 794 477 847; x_wconf 89' lang='lat' dir='ltr'>Itaque</span> <span class='ocrx_word' id='word_1_55' title='bbox 497 805 651 835; x_wconf 89' lang='lat' dir='ltr'>omnes</span> <span class='ocrx_word' id='word_1_56' title='bbox 672 792 953 846; x_wconf 87' lang='lat' dir='ltr'>promittunt:</span> <span class='ocrx_word' id='word_1_57' title='bbox 977 791 1213 844; x_wconf 83' lang='lat' dir='ltr'>statimque</span> <span class='ocrx_word' id='word_1_58' title='bbox 1238 791 1618 844; x_wconf 86' lang='lat' dir='ltr'>Polydamantem‚</span> 
     </span>
     <span class='ocr_line' id='line_1_8' title="bbox 170 856 1619 915; baseline -0.002 -12"><span class='ocrx_word' id='word_1_59' title='bbox 170 863 247 915; x_wconf 89' lang='lat' dir='ltr'>qui</span> <span class='ocrx_word' id='word_1_60' title='bbox 267 874 325 903; x_wconf 84' lang='lat' dir='ltr'>ex</span> <span class='ocrx_word' id='word_1_61' title='bbox 341 862 409 901; x_wconf 92' lang='lat' dir='ltr'>his</span> <span class='ocrx_word' id='word_1_62' title='bbox 430 873 542 901; x_wconf 90' lang='lat' dir='ltr'>unus</span> <span class='ocrx_word' id='word_1_63' title='bbox 563 864 674 909; x_wconf 88' lang='lat' dir='ltr'>erat,</span> <span class='ocrx_word' id='word_1_64' title='bbox 687 858 742 899; x_wconf 91' lang='lat' dir='ltr'>ad</span> <span class='ocrx_word' id='word_1_65' title='bbox 757 856 1136 910; x_wconf 83' lang='lat' dir='ltr'>Agamemnonem</span> <span class='ocrx_word' id='word_1_66' title='bbox 1158 858 1272 898; x_wconf 89' lang='lat' dir='ltr'>clam</span> <span class='ocrx_word' id='word_1_67' title='bbox 1294 858 1484 899; x_wconf 82' lang='lat' dir='ltr'>mittunt.</span> <span class='ocrx_word' id='word_1_68' title='bbox 1527 858 1619 900; x_wconf 93' lang='lat' dir='ltr'>Po—</span> 
     </span>
     <span class='ocr_line' id='line_1_9' title="bbox 168 922 1618 981; baseline -0.001 -12"><span class='ocrx_word' id='word_1_69' title='bbox 168 928 375 981; x_wconf 86' lang='lat' dir='ltr'>lydamas</span> <span class='ocrx_word' id='word_1_70' title='bbox 415 928 461 968; x_wconf 90' lang='lat' dir='ltr'>in</span> <span class='ocrx_word' id='word_1_71' title='bbox 498 932 644 968; x_wconf 88' lang='lat' dir='ltr'>castra</span> <span class='ocrx_word' id='word_1_72' title='bbox 681 925 949 978; x_wconf 89' lang='lat' dir='ltr'>Argivorum</span> <span class='ocrx_word' id='word_1_73' title='bbox 989 924 1199 977; x_wconf 84' lang='lat' dir='ltr'>pervenit,</span> <span class='ocrx_word' id='word_1_74' title='bbox 1248 922 1618 977; x_wconf 84' lang='lat' dir='ltr'>Agamemnonem</span> 
     </span>
     <span class='ocr_line' id='line_1_10' title="bbox 169 990 1619 1047; baseline -0.001 -12"><span class='ocrx_word' id='word_1_75' title='bbox 169 995 387 1044; x_wconf 90' lang='lat' dir='ltr'>convenit,</span> <span class='ocrx_word' id='word_1_76' title='bbox 420 994 621 1047; x_wconf 87' lang='lat' dir='ltr'>dixitque</span> <span class='ocrx_word' id='word_1_77' title='bbox 660 1005 714 1034; x_wconf 83' lang='lat' dir='ltr'>ea</span> <span class='ocrx_word' id='word_1_78' title='bbox 746 1005 845 1046; x_wconf 88' lang='lat' dir='ltr'>quae</span> <span class='ocrx_word' id='word_1_79' title='bbox 881 991 975 1032; x_wconf 90' lang='lat' dir='ltr'>suis</span> <span class='ocrx_word' id='word_1_80' title='bbox 1013 991 1273 1044; x_wconf 83' lang='lat' dir='ltr'>placerent.⁷</span> <span class='ocrx_word' id='word_1_81' title='bbox 1345 991 1455 1044; x_wconf 76' lang='lat'><strong>[40.]</strong></span> <span class='ocrx_word' id='word_1_82' title='bbox 1500 990 1619 1046; x_wconf 84' lang='lat' dir='ltr'>Aga-</span> 
     </span>
     <span class='ocr_line' id='line_1_11' title="bbox 167 1057 1618 1110; baseline -0.001 -9"><span class='ocrx_word' id='word_1_83' title='bbox 167 1073 372 1101; x_wconf 89' lang='lat' dir='ltr'>memnon</span> <span class='ocrx_word' id='word_1_84' title='bbox 407 1059 521 1101; x_wconf 91' lang='lat' dir='ltr'>clam</span> <span class='ocrx_word' id='word_1_85' title='bbox 550 1061 676 1100; x_wconf 89' lang='lat' dir='ltr'>nocte</span> <span class='ocrx_word' id='word_1_86' title='bbox 707 1070 858 1099; x_wconf 89' lang='lat' dir='ltr'>omnes</span> <span class='ocrx_word' id='word_1_87' title='bbox 891 1057 1025 1098; x_wconf 84' lang='lat' dir='ltr'>duces</span> <span class='ocrx_word' id='word_1_88' title='bbox 1053 1057 1098 1097; x_wconf 89' lang='lat' dir='ltr'>in</span> <span class='ocrx_word' id='word_1_89' title='bbox 1125 1057 1355 1099; x_wconf 90' lang='lat' dir='ltr'>concilium</span> <span class='ocrx_word' id='word_1_90' title='bbox 1387 1063 1618 1110; x_wconf 84' lang='lat' dir='ltr'>convocat,</span> 
     </span>
     <span class='ocr_line' id='line_1_12' title="bbox 167 1124 1618 1179; baseline 0 -12"><span class='ocrx_word' id='word_1_91' title='bbox 167 1127 297 1168; x_wconf 84' lang='lat' dir='ltr'>refert</span> <span class='ocrx_word' id='word_1_92' title='bbox 315 1127 499 1168; x_wconf 89' lang='lat' dir='ltr'>eadem:</span> <span class='ocrx_word' id='word_1_93' title='bbox 531 1126 639 1179; x_wconf 92' lang='lat' dir='ltr'>quid</span> <span class='ocrx_word' id='word_1_94' title='bbox 661 1126 822 1178; x_wconf 93' lang='lat' dir='ltr'>cuique</span> <span class='ocrx_word' id='word_1_95' title='bbox 843 1125 1059 1174; x_wconf 86' lang='lat' dir='ltr'>videatur,</span> <span class='ocrx_word' id='word_1_96' title='bbox 1092 1124 1237 1165; x_wconf 85' lang='lat' dir='ltr'>dicere</span> <span class='ocrx_word' id='word_1_97' title='bbox 1259 1124 1406 1178; x_wconf 89' lang='lat' dir='ltr'>jubet.</span> <span class='ocrx_word' id='word_1_98' title='bbox 1467 1125 1618 1167; x_wconf 84' lang='lat' dir='ltr'>Omni-</span> 
     </span>
     <span class='ocr_line' id='line_1_13' title="bbox 168 1191 1617 1246; baseline -0.001 -12"><span class='ocrx_word' id='word_1_99' title='bbox 168 1194 254 1234; x_wconf 88' lang='lat' dir='ltr'>bus</span> <span class='ocrx_word' id='word_1_100' title='bbox 275 1194 485 1246; x_wconf 83' lang='lat' dir='ltr'>placitum</span> <span class='ocrx_word' id='word_1_101' title='bbox 506 1196 586 1242; x_wconf 89' lang='lat' dir='ltr'>est,</span> <span class='ocrx_word' id='word_1_102' title='bbox 613 1195 660 1233; x_wconf 91' lang='lat' dir='ltr'>ut</span> <span class='ocrx_word' id='word_1_103' title='bbox 690 1191 800 1232; x_wconf 88' lang='lat' dir='ltr'>fides</span> <span class='ocrx_word' id='word_1_104' title='bbox 830 1191 1128 1244; x_wconf 87' lang='lat' dir='ltr'>proditoribus</span> <span class='ocrx_word' id='word_1_105' title='bbox 1162 1196 1369 1232; x_wconf 87' lang='lat' dir='ltr'>servetur.</span> <span class='ocrx_word' id='word_1_106' title='bbox 1429 1191 1617 1245; x_wconf 87' lang='lat' dir='ltr'>Ulysses</span> 
     </span>
     <span class='ocr_line' id='line_1_14' title="bbox 166 1257 1618 1308; baseline -0.001 -8"><span class='ocrx_word' id='word_1_107' title='bbox 166 1263 209 1300; x_wconf 91' lang='lat' dir='ltr'>et</span> <span class='ocrx_word' id='word_1_108' title='bbox 232 1260 397 1302; x_wconf 88' lang='lat' dir='ltr'>Nestor</span> <span class='ocrx_word' id='word_1_109' title='bbox 417 1260 554 1301; x_wconf 84' lang='lat' dir='ltr'>vereri</span> <span class='ocrx_word' id='word_1_110' title='bbox 575 1272 622 1299; x_wconf 90' lang='lat' dir='ltr'>se</span> <span class='ocrx_word' id='word_1_111' title='bbox 644 1258 814 1308; x_wconf 84' lang='lat' dir='ltr'>dixere,</span> <span class='ocrx_word' id='word_1_112' title='bbox 844 1257 958 1298; x_wconf 90' lang='lat' dir='ltr'>hanc</span> <span class='ocrx_word' id='word_1_113' title='bbox 984 1258 1265 1298; x_wconf 86' lang='lat' dir='ltr'>temeritatem</span> <span class='ocrx_word' id='word_1_114' title='bbox 1296 1258 1455 1299; x_wconf 86' lang='lat' dir='ltr'>subire.</span> <span class='ocrx_word' id='word_1_115' title='bbox 1522 1259 1618 1299; x_wconf 90' lang='lat' dir='ltr'>Ne-</span> 
     </span>
     <span class='ocr_line' id='line_1_15' title="bbox 167 1325 1617 1379; baseline -0.001 -12"><span class='ocrx_word' id='word_1_116' title='bbox 167 1327 414 1379; x_wconf 90' lang='lat' dir='ltr'>optolemus</span> <span class='ocrx_word' id='word_1_117' title='bbox 435 1339 513 1367; x_wconf 91' lang='lat' dir='ltr'>eos</span> <span class='ocrx_word' id='word_1_118' title='bbox 534 1325 711 1368; x_wconf 86' lang='lat' dir='ltr'>refutat.</span> <span class='ocrx_word' id='word_1_119' title='bbox 758 1326 878 1367; x_wconf 92' lang='lat' dir='ltr'>Dum</span> <span class='ocrx_word' id='word_1_120' title='bbox 900 1327 1007 1366; x_wconf 92' lang='lat' dir='ltr'>inter</span> <span class='ocrx_word' id='word_1_121' title='bbox 1027 1338 1075 1366; x_wconf 93' lang='lat' dir='ltr'>se</span> <span class='ocrx_word' id='word_1_122' title='bbox 1096 1328 1279 1375; x_wconf 87' lang='lat' dir='ltr'>certant,</span> <span class='ocrx_word' id='word_1_123' title='bbox 1302 1325 1515 1378; x_wconf 81' lang='lat' dir='ltr'>placitum</span> <span class='ocrx_word' id='word_1_124' title='bbox 1536 1329 1617 1375; x_wconf 87' lang='lat' dir='ltr'>est,</span> 
     </span>
     <span class='ocr_line' id='line_1_16' title="bbox 166 1391 1618 1447; baseline 0.001 -14"><span class='ocrx_word' id='word_1_125' title='bbox 166 1393 341 1445; x_wconf 86' lang='lat' dir='ltr'>signum</span> <span class='ocrx_word' id='word_1_126' title='bbox 359 1406 386 1433; x_wconf 90' lang='lat' dir='ltr'>a</span> <span class='ocrx_word' id='word_1_127' title='bbox 406 1392 729 1447; x_wconf 86' lang='lat' dir='ltr'>Polydamante</span> <span class='ocrx_word' id='word_1_128' title='bbox 751 1392 910 1444; x_wconf 78' lang='lat' dir='ltr'>exigi‚¹¹²</span> <span class='ocrx_word' id='word_1_129' title='bbox 943 1396 989 1432; x_wconf 90' lang='lat' dir='ltr'>et</span> <span class='ocrx_word' id='word_1_130' title='bbox 1008 1391 1205 1444; x_wconf 86' lang='lat' dir='ltr'>idipsum</span> <span class='ocrx_word' id='word_1_131' title='bbox 1232 1405 1311 1445; x_wconf 87' lang='lat' dir='ltr'>per</span> <span class='ocrx_word' id='word_1_132' title='bbox 1331 1392 1537 1433; x_wconf 87' lang='lat' dir='ltr'>Sinonem</span> <span class='ocrx_word' id='word_1_133' title='bbox 1560 1393 1618 1434; x_wconf 90' lang='lat' dir='ltr'>ad</span> 
     </span>
     <span class='ocr_line' id='line_1_17' title="bbox 166 1454 1617 1510; baseline 0 -10"><span class='ocrx_word' id='word_1_134' title='bbox 166 1460 372 1510; x_wconf 89' lang='lat' dir='ltr'>AEneam,</span> <span class='ocrx_word' id='word_1_135' title='bbox 394 1459 648 1509; x_wconf 88' lang='lat' dir='ltr'>Anchisem,</span> <span class='ocrx_word' id='word_1_136' title='bbox 679 1463 725 1500; x_wconf 91' lang='lat' dir='ltr'>et</span> <span class='ocrx_word' id='word_1_137' title='bbox 754 1458 1020 1500; x_wconf 89' lang='lat' dir='ltr'>Antenorem</span> <span class='ocrx_word' id='word_1_138' title='bbox 1040 1454 1194 1499; x_wconf 66' lang='lat' dir='ltr'>mitti-³*</span> <span class='ocrx_word' id='word_1_139' title='bbox 1252 1458 1386 1499; x_wconf 89' lang='lat' dir='ltr'>Sinon</span> <span class='ocrx_word' id='word_1_140' title='bbox 1421 1459 1477 1499; x_wconf 88' lang='lat' dir='ltr'>ad</span> <span class='ocrx_word' id='word_1_141' title='bbox 1508 1459 1617 1500; x_wconf 88' lang='lat' dir='ltr'>Tro-</span> 
     </span>
     <span class='ocr_line' id='line_1_18' title="bbox 159 1525 1617 1580; baseline 0 -14"><span class='ocrx_word' id='word_1_142' title='bbox 159 1525 257 1579; x_wconf 88' lang='lat' dir='ltr'>jam</span> <span class='ocrx_word' id='word_1_143' title='bbox 290 1526 596 1579; x_wconf 86' lang='lat' dir='ltr'>proficiscitur.</span> <span class='ocrx_word' id='word_1_144' title='bbox 655 1526 712 1567; x_wconf 91' lang='lat' dir='ltr'>Et</span> <span class='ocrx_word' id='word_1_145' title='bbox 733 1527 838 1580; x_wconf 89' lang='lat' dir='ltr'>quia</span> <span class='ocrx_word' id='word_1_146' title='bbox 868 1526 1060 1568; x_wconf 89' lang='lat' dir='ltr'>nondum</span> <span class='ocrx_word' id='word_1_147' title='bbox 1087 1526 1238 1567; x_wconf 89' lang='lat' dir='ltr'>claves</span> <span class='ocrx_word' id='word_1_148' title='bbox 1271 1530 1408 1579; x_wconf 77' lang='lat' dir='ltr'>portae</span> <span class='ocrx_word' id='word_1_149' title='bbox 1431 1525 1617 1580; x_wconf 89' lang='lat' dir='ltr'>Amphi-</span> 
     </span>
     <span class='ocr_line' id='line_1_19' title="bbox 166 1592 1614 1645; baseline 0.001 -13"><span class='ocrx_word' id='word_1_150' title='bbox 166 1592 314 1633; x_wconf 87' lang='lat' dir='ltr'>machi</span> <span class='ocrx_word' id='word_1_151' title='bbox 335 1593 594 1634; x_wconf 90' lang='lat' dir='ltr'>custodibus</span> <span class='ocrx_word' id='word_1_152' title='bbox 614 1593 788 1634; x_wconf 80' lang='lat' dir='ltr'>traditae</span> <span class='ocrx_word' id='word_1_153' title='bbox 806 1597 943 1643; x_wconf 87' lang='lat' dir='ltr'>erant,</span> <span class='ocrx_word' id='word_1_154' title='bbox 968 1594 1094 1645; x_wconf 88' lang='lat' dir='ltr'>signo</span> <span class='ocrx_word' id='word_1_155' title='bbox 1117 1592 1224 1633; x_wconf 89' lang='lat' dir='ltr'>dato</span> <span class='ocrx_word' id='word_1_156' title='bbox 1254 1593 1408 1641; x_wconf 90' lang='lat' dir='ltr'>Sinon,</span> <span class='ocrx_word' id='word_1_157' title='bbox 1439 1593 1614 1633; x_wconf 88' lang='lat' dir='ltr'>nomine</span> 
     </span>
     <span class='ocr_line' id='line_1_20' title="bbox 165 1658 1615 1711; baseline 0 -13"><span class='ocrx_word' id='word_1_158' title='bbox 165 1658 336 1709; x_wconf 88' lang='lat' dir='ltr'>AEneae‚</span> <span class='ocrx_word' id='word_1_159' title='bbox 357 1664 402 1700; x_wconf 90' lang='lat' dir='ltr'>et</span> <span class='ocrx_word' id='word_1_160' title='bbox 420 1658 647 1709; x_wconf 85' lang='lat' dir='ltr'>Anchisae,</span> <span class='ocrx_word' id='word_1_161' title='bbox 664 1664 711 1700; x_wconf 91' lang='lat' dir='ltr'>et</span> <span class='ocrx_word' id='word_1_162' title='bbox 730 1658 970 1700; x_wconf 87' lang='lat' dir='ltr'>Antenoris</span> <span class='ocrx_word' id='word_1_163' title='bbox 992 1659 1162 1709; x_wconf 88' lang='lat' dir='ltr'>audito,</span> <span class='ocrx_word' id='word_1_164' title='bbox 1181 1658 1475 1709; x_wconf 85' lang='lat' dir='ltr'>confirmatus,</span> <span class='ocrx_word' id='word_1_165' title='bbox 1495 1658 1615 1711; x_wconf 50' lang='lat' dir='ltr'>Aga*</span> 
     </span>
     <span class='ocr_line' id='line_1_21' title="bbox 164 1724 1615 1778; baseline -0.001 -13"><span class='ocrx_word' id='word_1_166' title='bbox 164 1727 381 1767; x_wconf 87' lang='lat' dir='ltr'>memnoni</span> <span class='ocrx_word' id='word_1_167' title='bbox 408 1727 639 1768; x_wconf 82' lang='lat' dir='ltr'>renuntiat·</span> <span class='ocrx_word' id='word_1_168' title='bbox 698 1726 824 1766; x_wconf 88' lang='lat' dir='ltr'>Tunc</span> <span class='ocrx_word' id='word_1_169' title='bbox 844 1725 1056 1778; x_wconf 90' lang='lat' dir='ltr'>placitum</span> <span class='ocrx_word' id='word_1_170' title='bbox 1078 1730 1146 1767; x_wconf 89' lang='lat' dir='ltr'>est</span> <span class='ocrx_word' id='word_1_171' title='bbox 1178 1725 1398 1775; x_wconf 88' lang='lat' dir='ltr'>omnibus,</span> <span class='ocrx_word' id='word_1_172' title='bbox 1429 1729 1478 1765; x_wconf 91' lang='lat' dir='ltr'>ut</span> <span class='ocrx_word' id='word_1_173' title='bbox 1507 1724 1615 1765; x_wconf 91' lang='lat' dir='ltr'>fides</span> 
     </span>
     <span class='ocr_line' id='line_1_22' title="bbox 165 1791 1614 1846; baseline 0 -15"><span class='ocrx_word' id='word_1_174' title='bbox 165 1791 353 1842; x_wconf 89' lang='lat' dir='ltr'>daretur,</span> <span class='ocrx_word' id='word_1_175' title='bbox 392 1796 437 1834; x_wconf 88' lang='lat' dir='ltr'>et</span> <span class='ocrx_word' id='word_1_176' title='bbox 469 1792 763 1846; x_wconf 86' lang='lat' dir='ltr'>jurejurando</span> <span class='ocrx_word' id='word_1_177' title='bbox 800 1793 1136 1843; x_wconf 87' lang='lat' dir='ltr'>confirmaretur,</span> <span class='ocrx_word' id='word_1_178' title='bbox 1175 1792 1402 1841; x_wconf 88' lang='lat' dir='ltr'>Antenori,</span> <span class='ocrx_word' id='word_1_179' title='bbox 1443 1792 1614 1841; x_wconf 86' lang='lat' dir='ltr'>AEneae,</span> 
     </span>
     <span class='ocr_line' id='line_1_23' title="bbox 164 1857 1613 1914; baseline 0 -16"><span class='ocrx_word' id='word_1_180' title='bbox 164 1857 943 1914; x_wconf 84' lang='lat' dir='ltr'>Ucalegoni,Polydamanti,Doloni,</span> <span class='ocrx_word' id='word_1_181' title='bbox 953 1860 1134 1913; x_wconf 86' lang='lat' dir='ltr'>suisque</span> <span class='ocrx_word' id='word_1_182' title='bbox 1147 1858 1613 1914; x_wconf 69' lang='lat' dir='ltr'>parentibUS‚liberis,†</span> 
     </span>
     <span class='ocr_line' id='line_1_24' title="bbox 163 1924 1614 1979; baseline -0.001 -14"><span class='ocrx_word' id='word_1_183' title='bbox 163 1924 533 1979; x_wconf 85' lang='lat' dir='ltr'>conjugibusque,</span> <span class='ocrx_word' id='word_1_184' title='bbox 564 1930 608 1966; x_wconf 90' lang='lat' dir='ltr'>et</span> <span class='ocrx_word' id='word_1_185' title='bbox 633 1925 974 1978; x_wconf 85' lang='lat' dir='ltr'>consanguineis</span> <span class='ocrx_word' id='word_1_186' title='bbox 1000 1925 1279 1979; x_wconf 89' lang='lat' dir='ltr'>propinquis,</span> <span class='ocrx_word' id='word_1_187' title='bbox 1299 1930 1344 1966; x_wconf 91' lang='lat' dir='ltr'>et</span> <span class='ocrx_word' id='word_1_188' title='bbox 1363 1924 1516 1966; x_wconf 86' lang='lat' dir='ltr'>amicis</span> <span class='ocrx_word' id='word_1_189' title='bbox 1538 1925 1614 1977; x_wconf 92' lang='lat' dir='ltr'>qui</span> 
     </span>
     <span class='ocr_line' id='line_1_25' title="bbox 163 1991 1613 2046; baseline -0.001 -15"><span class='ocrx_word' id='word_1_190' title='bbox 163 2004 253 2032; x_wconf 88' lang='lat' dir='ltr'>una</span> <span class='ocrx_word' id='word_1_191' title='bbox 283 1992 622 2046; x_wconf 80' lang='lat' dir='ltr'>conjurassent,8</span> <span class='ocrx_word' id='word_1_192' title='bbox 652 1993 852 2033; x_wconf 87' lang='lat' dir='ltr'>omnibus</span> <span class='ocrx_word' id='word_1_193' title='bbox 874 1992 1005 2032; x_wconf 90' lang='lat' dir='ltr'>fidem</span> <span class='ocrx_word' id='word_1_194' title='bbox 1026 1992 1243 2046; x_wconf 78' lang='lat' dir='ltr'>praestari,</span> <span class='ocrx_word' id='word_1_195' title='bbox 1275 2004 1441 2045; x_wconf 84' lang='lat' dir='ltr'>suaque</span> <span class='ocrx_word' id='word_1_196' title='bbox 1463 1991 1613 2032; x_wconf 85' lang='lat' dir='ltr'>omnia</span> 
     </span>
     <span class='ocr_line' id='line_1_26' title="bbox 162 2057 1612 2112; baseline -0.001 -14"><span class='ocrx_word' id='word_1_197' title='bbox 162 2069 289 2100; x_wconf 89' lang='lat' dir='ltr'>sacra</span> <span class='ocrx_word' id='word_1_198' title='bbox 304 2063 322 2081; x_wconf 82' lang='lat'>¹¹</span> <span class='ocrx_word' id='word_1_199' title='bbox 343 2064 389 2100; x_wconf 91' lang='lat' dir='ltr'>et</span> <span class='ocrx_word' id='word_1_200' title='bbox 408 2060 525 2100; x_wconf 90' lang='lat' dir='ltr'>bona</span> <span class='ocrx_word' id='word_1_201' title='bbox 543 2059 785 2100; x_wconf 89' lang='lat' dir='ltr'>incolumia</span> <span class='ocrx_word' id='word_1_202' title='bbox 804 2058 967 2100; x_wconf 91' lang='lat' dir='ltr'>habere</span> <span class='ocrx_word' id='word_1_203' title='bbox 983 2059 1128 2101; x_wconf 88' lang='lat' dir='ltr'>liceat.</span> <span class='ocrx_word' id='word_1_204' title='bbox 1172 2058 1278 2100; x_wconf 91' lang='lat' dir='ltr'>Hoc</span> <span class='ocrx_word' id='word_1_205' title='bbox 1300 2061 1433 2112; x_wconf 89' lang='lat' dir='ltr'>pacto</span> <span class='ocrx_word' id='word_1_206' title='bbox 1454 2057 1612 2099; x_wconf 87' lang='lat' dir='ltr'>confir-</span> 
     </span>
    </p>
   </div>
   <div class='ocr_carea' id='block_1_3' title="bbox 769 2165 1005 2178">
    <p class='ocr_par' dir='ltr' id='par_1_3' title="bbox 769 2165 1005 2178">
     <span class='ocr_line' id='line_1_27' title="bbox 769 2165 1005 2178; baseline 0 0"><span class='ocrx_word' id='word_1_207' title='bbox 769 2165 1005 2178; x_wconf 62' lang='lat' dir='ltr'>eeeeeeeeeee</span> 
     </span>
    </p>
   </div>
   <div class='ocr_carea' id='block_1_4' title="bbox 162 2227 1611 2354">
    <p class='ocr_par' dir='ltr' id='par_1_4' title="bbox 162 2227 1611 2354">
     <span class='ocr_line' id='line_1_28' title="bbox 204 2227 1611 2270; baseline 0 -11"><span class='ocrx_word' id='word_1_208' title='bbox 204 2230 223 2259; x_wconf 79' lang='lat'><strong>7</strong></span> <span class='ocrx_word' id='word_1_209' title='bbox 249 2229 376 2259; x_wconf 87' lang='lat' dir='ltr'>Omnes</span> <span class='ocrx_word' id='word_1_210' title='bbox 401 2238 500 2260; x_wconf 87' lang='lat' dir='ltr'>voces</span> <span class='ocrx_word' id='word_1_211' title='bbox 523 2228 646 2259; x_wconf 86' lang='lat' dir='ltr'>desunt</span> <span class='ocrx_word' id='word_1_212' title='bbox 671 2227 713 2259; x_wconf 82' lang='lat' dir='ltr'>ab</span> <span class='ocrx_word' id='word_1_213' title='bbox 739 2227 1001 2267; x_wconf 78' lang='lat' dir='ltr'>Agamemnonem</span> <span class='ocrx_word' id='word_1_214' title='bbox 1023 2239 1128 2270; x_wconf 85' lang='lat' dir='ltr'>usque</span> <span class='ocrx_word' id='word_1_215' title='bbox 1146 2229 1187 2260; x_wconf 89' lang='lat' dir='ltr'>ad</span> <span class='ocrx_word' id='word_1_216' title='bbox 1209 2231 1368 2270; x_wconf 76' lang='lat' dir='ltr'>placerent</span> <span class='ocrx_word' id='word_1_217' title='bbox 1391 2230 1423 2260; x_wconf 91' lang='lat' dir='ltr'>in</span> <span class='ocrx_word' id='word_1_218' title='bbox 1439 2229 1611 2269; x_wconf 76' lang='lat' dir='ltr'>Delph.--</span> 
     </span>
     <span class='ocr_line' id='line_1_29' title="bbox 162 2270 1609 2312; baseline 0.001 -12"><span class='ocrx_word' id='word_1_219' title='bbox 162 2270 181 2288; x_wconf 81' lang='lat'><em>*</em></span> <span class='ocrx_word' id='word_1_220' title='bbox 204 2270 299 2301; x_wconf 82' lang='lat' dir='ltr'>Misit</span> <span class='ocrx_word' id='word_1_221' title='bbox 318 2270 504 2311; x_wconf 78' lang='lat' dir='ltr'>Delph.—†</span> <span class='ocrx_word' id='word_1_222' title='bbox 527 2271 651 2301; x_wconf 78' lang='lat' dir='ltr'>Liberis</span> <span class='ocrx_word' id='word_1_223' title='bbox 667 2272 795 2301; x_wconf 85' lang='lat' dir='ltr'>omittit</span> <span class='ocrx_word' id='word_1_224' title='bbox 814 2272 1007 2310; x_wconf 82' lang='lat' dir='ltr'>Delph.-8</span> <span class='ocrx_word' id='word_1_225' title='bbox 1031 2272 1176 2303; x_wconf 88' lang='lat' dir='ltr'>Omissis</span> <span class='ocrx_word' id='word_1_226' title='bbox 1193 2274 1332 2305; x_wconf 89' lang='lat' dir='ltr'>vocibus</span> <span class='ocrx_word' id='word_1_227' title='bbox 1348 2276 1377 2302; x_wconf 83' lang='lat' dir='ltr'>et</span> <span class='ocrx_word' id='word_1_228' title='bbox 1394 2272 1513 2312; x_wconf 82' lang='lat' dir='ltr'>anzicis,</span> <span class='ocrx_word' id='word_1_229' title='bbox 1528 2272 1609 2312; x_wconf 85' lang='lat' dir='ltr'>legi-</span> 
     </span>
     <span class='ocr_line' id='line_1_30' title="bbox 162 2313 950 2354; baseline 0.001 -11"><span class='ocrx_word' id='word_1_230' title='bbox 162 2316 219 2344; x_wconf 88' lang='lat' dir='ltr'>tur</span> <span class='ocrx_word' id='word_1_231' title='bbox 233 2322 301 2344; x_wconf 84' lang='lat' dir='ltr'>cum</span> <span class='ocrx_word' id='word_1_232' title='bbox 314 2313 360 2345; x_wconf 83' lang='lat' dir='ltr'>eis</span> <span class='ocrx_word' id='word_1_233' title='bbox 374 2313 428 2354; x_wconf 82' lang='lat' dir='ltr'>qui</span> <span class='ocrx_word' id='word_1_234' title='bbox 448 2323 509 2344; x_wconf 81' lang='lat' dir='ltr'>una</span> <span class='ocrx_word' id='word_1_235' title='bbox 524 2316 759 2344; x_wconf 82' lang='lat' dir='ltr'>commorassent</span> <span class='ocrx_word' id='word_1_236' title='bbox 775 2314 809 2344; x_wconf 90' lang='lat' dir='ltr'>iu</span> <span class='ocrx_word' id='word_1_237' title='bbox 825 2313 888 2344; x_wconf 85' lang='lat' dir='ltr'>Del</span> <span class='ocrx_word' id='word_1_238' title='bbox 893 2314 950 2354; x_wconf 84' lang='lat' dir='ltr'>ph.</span> 
     </span>
    </p>
   </div>
   <div class='ocr_carea' id='block_1_5' title="bbox 817 2419 958 2452">
    <p class='ocr_par' dir='ltr' id='par_1_5' title="bbox 817 2419 958 2452">
     <span class='ocr_line' id='line_1_31' title="bbox 817 2419 958 2452; baseline 0 0"><span class='ocrx_word' id='word_1_239' title='bbox 817 2419 958 2452; x_wconf 84' lang='lat' dir='ltr'>NOTAE</span> 
     </span>
    </p>
   </div>
   <div class='ocr_carea' id='block_1_6' title="bbox 159 2481 1611 2674">
    <p class='ocr_par' dir='ltr' id='par_1_6' title="bbox 159 2481 1611 2674">
     <span class='ocr_line' id='line_1_32' title="bbox 201 2481 1610 2525; baseline -0.001 -11"><span class='ocrx_word' id='word_1_240' title='bbox 201 2488 225 2504; x_wconf 86' lang='lat'>¹¹¹</span> <span class='ocrx_word' id='word_1_241' title='bbox 247 2482 759 2525; x_wconf 72' lang='lat' dir='ltr'>SignumaPolydamanteea-igi]</span> <span class='ocrx_word' id='word_1_242' title='bbox 776 2484 857 2515; x_wconf 89' lang='lat' dir='ltr'>Vel-</span> <span class='ocrx_word' id='word_1_243' title='bbox 910 2484 1067 2515; x_wconf 89' lang='lat' dir='ltr'>Sinonem</span> <span class='ocrx_word' id='word_1_244' title='bbox 1084 2483 1258 2523; x_wconf 84' lang='lat' dir='ltr'>miserunt,</span> <span class='ocrx_word' id='word_1_245' title='bbox 1273 2483 1328 2524; x_wconf 89' lang='lat' dir='ltr'>qui</span> <span class='ocrx_word' id='word_1_246' title='bbox 1346 2482 1441 2523; x_wconf 85' lang='lat' dir='ltr'>signo</span> <span class='ocrx_word' id='word_1_247' title='bbox 1456 2481 1513 2513; x_wconf 83' lang='lat' dir='ltr'>iilo</span> <span class='ocrx_word' id='word_1_248' title='bbox 1531 2481 1610 2513; x_wconf 87' lang='lat' dir='ltr'>dato</span> 
     </span>
     <span class='ocr_line' id='line_1_33' title="bbox 159 2531 1609 2576; baseline -0.002 -12"><span class='ocrx_word' id='word_1_249' title='bbox 159 2533 226 2565; x_wconf 91' lang='lat' dir='ltr'>lem</span> <span class='ocrx_word' id='word_1_250' title='bbox 253 2534 396 2566; x_wconf 84' lang='lat' dir='ltr'>dixisset</span> <span class='ocrx_word' id='word_1_251' title='bbox 421 2535 547 2573; x_wconf 84' lang='lat' dir='ltr'>Dares,</span> <span class='ocrx_word' id='word_1_252' title='bbox 568 2534 657 2576; x_wconf 92' lang='lat' dir='ltr'>quod</span> <span class='ocrx_word' id='word_1_253' title='bbox 684 2536 814 2574; x_wconf 86' lang='lat' dir='ltr'>signum</span> <span class='ocrx_word' id='word_1_254' title='bbox 838 2543 858 2564; x_wconf 86' lang='lat' dir='ltr'>a</span> <span class='ocrx_word' id='word_1_255' title='bbox 911 2533 953 2564; x_wconf 86' lang='lat' dir='ltr'>ab</span> <span class='ocrx_word' id='word_1_256' title='bbox 969 2533 1088 2572; x_wconf 84' lang='lat' dir='ltr'>AEnea,</span> <span class='ocrx_word' id='word_1_257' title='bbox 1110 2532 1270 2567; x_wconf 84' lang='lat' dir='ltr'>Anchise,</span> <span class='ocrx_word' id='word_1_258' title='bbox 1286 2537 1320 2562; x_wconf 88' lang='lat' dir='ltr'>et</span> <span class='ocrx_word' id='word_1_259' title='bbox 1337 2531 1512 2563; x_wconf 87' lang='lat' dir='ltr'>Antenore</span> <span class='ocrx_word' id='word_1_260' title='bbox 1529 2541 1609 2571; x_wconf 82' lang='lat' dir='ltr'>cog-</span> 
     </span>
     <span class='ocr_line' id='line_1_34' title="bbox 159 2582 1609 2624; baseline -0.003 -9"><span class='ocrx_word' id='word_1_261' title='bbox 159 2583 409 2624; x_wconf 73' lang='lat' dir='ltr'>Poiydamame</span> <span class='ocrx_word' id='word_1_262' title='bbox 427 2584 542 2615; x_wconf 81' lang='lat' dir='ltr'>Graeci</span> <span class='ocrx_word' id='word_1_263' title='bbox 568 2584 744 2623; x_wconf 80' lang='lat' dir='ltr'>petierint,</span> <span class='ocrx_word' id='word_1_264' title='bbox 767 2583 857 2624; x_wconf 88' lang='lat' dir='ltr'>quod</span> <span class='ocrx_word' id='word_1_265' title='bbox 911 2584 1012 2619; x_wconf 79' lang='lat' dir='ltr'>nitus,</span> <span class='ocrx_word' id='word_1_266' title='bbox 1027 2583 1118 2614; x_wconf 87' lang='lat' dir='ltr'>intra</span> <span class='ocrx_word' id='word_1_267' title='bbox 1144 2587 1261 2623; x_wconf 81' lang='lat' dir='ltr'>portas</span> <span class='ocrx_word' id='word_1_268' title='bbox 1285 2582 1421 2623; x_wconf 90' lang='lat' dir='ltr'>quidem</span> <span class='ocrx_word' id='word_1_269' title='bbox 1449 2586 1609 2621; x_wconf 77' lang='lat' dir='ltr'>receptus</span> 
     </span>
     <span class='ocr_line' id='line_1_35' title="bbox 160 2630 1611 2674; baseline -0.003 -9"><span class='ocrx_word' id='word_1_270' title='bbox 160 2640 281 2674; x_wconf 85' lang='lat' dir='ltr'>postea</span> <span class='ocrx_word' id='word_1_271' title='bbox 313 2643 373 2674; x_wconf 87' lang='lat' dir='ltr'>per</span> <span class='ocrx_word' id='word_1_272' title='bbox 402 2634 559 2665; x_wconf 84' lang='lat' dir='ltr'>Sinonem</span> <span class='ocrx_word' id='word_1_273' title='bbox 590 2633 633 2664; x_wconf 84' lang='lat' dir='ltr'>ad</span> <span class='ocrx_word' id='word_1_274' title='bbox 658 2634 798 2665; x_wconf 84' lang='lat' dir='ltr'>AEneam</span> <span class='ocrx_word' id='word_1_275' title='bbox 823 2635 860 2664; x_wconf 83' lang='lat' dir='ltr'>et</span> <span class='ocrx_word' id='word_1_276' title='bbox 911 2642 978 2664; x_wconf 89' lang='lat' dir='ltr'>non</span> <span class='ocrx_word' id='word_1_277' title='bbox 1001 2631 1080 2672; x_wconf 88' lang='lat' dir='ltr'>fuit,</span> <span class='ocrx_word' id='word_1_278' title='bbox 1101 2633 1179 2674; x_wconf 89' lang='lat' dir='ltr'>quia</span> <span class='ocrx_word' id='word_1_279' title='bbox 1202 2631 1350 2662; x_wconf 90' lang='lat' dir='ltr'>nondum</span> <span class='ocrx_word' id='word_1_280' title='bbox 1373 2630 1611 2670; x_wconf 84' lang='lat' dir='ltr'>Amphimachi</span> 
     </span>
    </p>
   </div>
   <div class='ocr_carea' id='block_1_7' title="bbox 160 2680 1671 2723">
    <p class='ocr_par' dir='ltr' id='par_1_7' title="bbox 160 2680 1671 2723">
     <span class='ocr_line' id='line_1_36' title="bbox 160 2680 1671 2723; baseline -0.003 -9"><span class='ocrx_word' id='word_1_281' title='bbox 160 2682 369 2714; x_wconf 88' lang='lat' dir='ltr'>Antenorem</span> <span class='ocrx_word' id='word_1_282' title='bbox 388 2684 519 2715; x_wconf 85' lang='lat' dir='ltr'>misere.</span> <span class='ocrx_word' id='word_1_283' title='bbox 563 2683 616 2714; x_wconf 87' lang='lat' dir='ltr'>Ex</span> <span class='ocrx_word' id='word_1_284' title='bbox 640 2681 860 2723; x_wconf 84' lang='lat' dir='ltr'>sequentibus</span> <span class='ocrx_word' id='word_1_285' title='bbox 912 2683 1110 2714; x_wconf 81' lang='lat' dir='ltr'>custodibus</span> <span class='ocrx_word' id='word_1_286' title='bbox 1132 2683 1246 2713; x_wconf 79' lang='lat' dir='ltr'>claves</span> <span class='ocrx_word' id='word_1_287' title='bbox 1268 2681 1427 2712; x_wconf 75' lang='lat' dir='ltr'>traditae:</span> <span class='ocrx_word' id='word_1_288' title='bbox 1465 2680 1525 2711; x_wconf 88' lang='lat' dir='ltr'>sed</span> <span class='ocrx_word' id='word_1_289' title='bbox 1553 2680 1609 2711; x_wconf 70' lang='grc' dir='ltr'>ΙΕ-</span> <span class='ocrx_word' id='word_1_290' title='bbox 1667 2686 1671 2688; x_wconf 73' lang='grc'>’</span> 
     </span>
    </p>
   </div>
   <div class='ocr_carea' id='block_1_8' title="bbox 160 2730 1608 2926">
    <p class='ocr_par' dir='ltr' id='par_1_8' title="bbox 160 2730 1608 2825">
     <span class='ocr_line' id='line_1_37' title="bbox 160 2730 1608 2776; baseline -0.001 -12"><span class='ocrx_word' id='word_1_291' title='bbox 160 2734 283 2775; x_wconf 85' lang='lat' dir='ltr'>conjici</span> <span class='ocrx_word' id='word_1_292' title='bbox 294 2739 419 2773; x_wconf 85' lang='lat' dir='ltr'>potest,</span> <span class='ocrx_word' id='word_1_293' title='bbox 433 2734 714 2776; x_wconf 82' lang='lat' dir='ltr'>Polydamantem</span> <span class='ocrx_word' id='word_1_294' title='bbox 727 2733 858 2774; x_wconf 81' lang='lat' dir='ltr'>signum</span> <span class='ocrx_word' id='word_1_295' title='bbox 912 2742 1000 2772; x_wconf 89' lang='lat' dir='ltr'>neae,</span> <span class='ocrx_word' id='word_1_296' title='bbox 1029 2731 1185 2763; x_wconf 86' lang='lat' dir='ltr'>Anchisae</span> <span class='ocrx_word' id='word_1_297' title='bbox 1212 2736 1248 2763; x_wconf 90' lang='lat' dir='ltr'>et</span> <span class='ocrx_word' id='word_1_298' title='bbox 1272 2730 1458 2762; x_wconf 84' lang='lat' dir='ltr'>Antenoris</span> <span class='ocrx_word' id='word_1_299' title='bbox 1484 2739 1608 2762; x_wconf 88' lang='lat' dir='ltr'>nomen</span> 
     </span>
     <span class='ocr_line' id='line_1_38' title="bbox 160 2780 1569 2825; baseline -0.003 -12"><span class='ocrx_word' id='word_1_300' title='bbox 160 2783 243 2814; x_wconf 85' lang='lat' dir='ltr'>illud</span> <span class='ocrx_word' id='word_1_301' title='bbox 261 2782 406 2820; x_wconf 86' lang='lat' dir='ltr'>dedisse,</span> <span class='ocrx_word' id='word_1_302' title='bbox 419 2793 485 2824; x_wconf 91' lang='lat' dir='ltr'>quo</span> <span class='ocrx_word' id='word_1_303' title='bbox 498 2783 618 2825; x_wconf 67' lang='lat' dir='ltr'>quiviS,</span> <span class='ocrx_word' id='word_1_304' title='bbox 636 2794 654 2814; x_wconf 88' lang='lat' dir='ltr'>a</span> <span class='ocrx_word' id='word_1_305' title='bbox 670 2783 802 2814; x_wconf 83' lang='lat' dir='ltr'>Graecis</span> <span class='ocrx_word' id='word_1_306' title='bbox 817 2782 859 2813; x_wconf 79' lang='lat' dir='ltr'>ad</span> <span class='ocrx_word' id='word_1_307' title='bbox 913 2782 1057 2822; x_wconf 84' lang='lat' dir='ltr'>audivit,</span> <span class='ocrx_word' id='word_1_308' title='bbox 1071 2791 1137 2823; x_wconf 92' lang='lat' dir='ltr'>quo</span> <span class='ocrx_word' id='word_1_309' title='bbox 1153 2782 1254 2822; x_wconf 85' lang='lat' dir='ltr'>plane</span> <span class='ocrx_word' id='word_1_310' title='bbox 1271 2780 1487 2812; x_wconf 85' lang='lat' dir='ltr'>confirmatus</span> <span class='ocrx_word' id='word_1_311' title='bbox 1504 2784 1569 2810; x_wconf 89' lang='lat' dir='ltr'>est.</span> 
     </span>
    </p>

    <p class='ocr_par' dir='ltr' id='par_1_9' title="bbox 160 2829 1608 2926">
     <span class='ocr_line' id='line_1_39' title="bbox 160 2829 1607 2874; baseline -0.002 -10"><span class='ocrx_word' id='word_1_312' title='bbox 160 2833 294 2874; x_wconf 84' lang='lat' dir='ltr'>Trojam</span> <span class='ocrx_word' id='word_1_313' title='bbox 312 2834 443 2873; x_wconf 88' lang='lat' dir='ltr'>missus,</span> <span class='ocrx_word' id='word_1_314' title='bbox 467 2834 557 2865; x_wconf 87' lang='lat' dir='ltr'>iutra</span> <span class='ocrx_word' id='word_1_315' title='bbox 582 2833 706 2864; x_wconf 86' lang='lat' dir='ltr'>moenia</span> <span class='ocrx_word' id='word_1_316' title='bbox 727 2832 860 2872; x_wconf 84' lang='lat' dir='ltr'>recipe·</span> <span class='ocrx_word' id='word_1_317' title='bbox 954 2836 970 2852; x_wconf 84' lang='lat'>¹¹</span> <span class='ocrx_word' id='word_1_318' title='bbox 994 2831 1120 2871; x_wconf 82' lang='lat' dir='ltr'>Snaque</span> <span class='ocrx_word' id='word_1_319' title='bbox 1131 2831 1232 2862; x_wconf 77' lang='lat' dir='ltr'>omnia</span> <span class='ocrx_word' id='word_1_320' title='bbox 1243 2829 1348 2871; x_wconf 83' lang='lat' dir='ltr'>sacra]</span> <span class='ocrx_word' id='word_1_321' title='bbox 1371 2829 1500 2870; x_wconf 86' lang='lat' dir='ltr'>Singuli</span> <span class='ocrx_word' id='word_1_322' title='bbox 1517 2829 1607 2861; x_wconf 89' lang='lat' dir='ltr'>enim</span> 
     </span>
     <span class='ocr_line' id='line_1_40' title="bbox 161 2878 1608 2926; baseline -0.003 -11"><span class='ocrx_word' id='word_1_323' title='bbox 161 2888 269 2916; x_wconf 85' lang='lat' dir='ltr'>retur.</span> <span class='ocrx_word' id='word_1_324' title='bbox 314 2884 412 2917; x_wconf 81' lang='lat' dir='ltr'>Quod</span> <span class='ocrx_word' id='word_1_325' title='bbox 434 2889 471 2917; x_wconf 91' lang='lat' dir='ltr'>ut</span> <span class='ocrx_word' id='word_1_326' title='bbox 487 2883 728 2926; x_wconf 83' lang='lat' dir='ltr'>experirentur</span> <span class='ocrx_word' id='word_1_327' title='bbox 743 2882 858 2914; x_wconf 83' lang='lat' dir='ltr'>Graeci</span> <span class='ocrx_word' id='word_1_328' title='bbox 913 2880 1003 2913; x_wconf 80' lang='lat' dir='ltr'>cives</span> <span class='ocrx_word' id='word_1_329' title='bbox 1019 2889 1078 2912; x_wconf 83' lang='lat' dir='ltr'>sua</span> <span class='ocrx_word' id='word_1_330' title='bbox 1093 2880 1158 2912; x_wconf 88' lang='lat' dir='ltr'>sibi</span> <span class='ocrx_word' id='word_1_331' title='bbox 1175 2879 1311 2921; x_wconf 86' lang='lat' dir='ltr'>propria</span> <span class='ocrx_word' id='word_1_332' title='bbox 1326 2888 1423 2911; x_wconf 86' lang='lat' dir='ltr'>sacra</span> <span class='ocrx_word' id='word_1_333' title='bbox 1438 2878 1608 2911; x_wconf 83' lang='lat' dir='ltr'>custodie·</span> 
     </span>
    </p>
   </div>
  </div>
 </body>
</html>
