1915 3231
293 244 350 283 54
651 252 754 283 JAc.
786 253 1036 284 pnnrzonu
1072 251 1399 284 mssnnrATlo

297 351 414 406 quod
428 350 524 406 jam
545 352 653 394 satis
670 364 808 406 supra
827 352 1166 394 confutavimus.
1224 351 1395 393 Verum
1416 351 1472 393 de
1493 351 1610 405 stylo
1625 352 1744 406 quod

298 420 375 468 ait,
396 418 646 460 indecorum
667 423 748 469 est,
769 419 830 460 ita
850 419 1013 470 vivam,
1035 419 1147 468 viro,
1171 418 1248 472 qui
1267 418 1497 460 Latinitati
1513 421 1746 472 tantopere

297 486 502 527 attendit.
563 485 684 536 Quid
718 486 866 527 enim?
924 485 998 526 An
1039 486 1096 528 ad
1128 485 1323 538 Nepotis
1364 485 1543 539 stylum,
1580 488 1657 527 aut
1687 484 1747 526 ad

297 551 457 592 Velleii
497 565 643 593 aevum
682 552 896 593 accedunt
928 555 941 573 ‘
958 551 1236 593 Contestari'
1275 551 1433 592 eodem
1473 564 1621 601 senSU,
1658 564 1746 605 quo

297 630 412 658 nunc
437 617 569 670 vulgo
592 617 747 658 dicunt
779 621 792 639 ‘
807 617 1054 659 Protestari
1073 617 1097 659 :⁹
1137 620 1150 639 ‘
1166 617 1345 659 Testari
1365 618 1488 658 brevi
1508 617 1747 666 ultionem,'

298 684 384 724 hoc
416 688 500 734 est,
522 683 690 734 minari,
712 683 1002 726 denunciare:
1044 684 1357 738 ‘adhospitare
1381 684 1467 725 sibi
1496 683 1649 734 Deos:
1687 696 1747 725 ex

300 749 559 798 Graecismo,
589 750 645 789 ἐπὶ
676 750 775 804 ξενίᾳ
805 752 958 790 namin:
989 750 1278 792 ‘Reformare
1320 751 1463 793 diem:
1495 764 1597 792 cum
1627 751 1747 791 nullo

298 817 493 858 remedio
523 817 683 859 mederi
712 817 889 870 posset:
919 819 1122 872 passive:
1154 821 1167 840 ‘
1191 817 1368 859 Funus’
1396 831 1477 872 pro
1497 819 1598 871 ipso
1617 816 1749 858 cada-

300 896 402 924 vere
425 887 468 924 et
498 884 729 937 sepulcro:
763 887 775 904 ‘
792 883 968 925 Cuncta
1003 889 1200 926 extrema
1229 890 1353 926 ratus
1382 885 1598 939 experiri:
1629 886 1641 904 ‘
1660 883 1749 925 Re-

300 949 500 990 darmare
521 962 676 990 manus
693 951 718 991 :’
750 953 762 971 ‘
777 950 1004 1003 Conjuges
1025 950 1373 1005 Principalium,’
1396 951 1518 1004 quod
1548 951 1750 1003 frequens

301 1016 522 1068 sequioris
544 1017 630 1057 aevi
651 1018 940 1070 scriptoribus
959 1030 970 1056 ;
1001 1025 1012 1040 ‘
1029 1017 1153 1059 Alter
1182 1018 1485 1059 Echinadibus
1501 1017 1751 1071 imperator,

302 1083 542 1136 Agapenor
551 1083 757 1125 Arcadiae
768 1083 792 1125 :'
808 1084 1047 1126 ‘Desinere
1063 1085 1365 1138 pernoctando
1381 1084 1503 1124 humi
1517 1083 1541 1124 :'
1562 1087 1574 1106 ‘
1585 1083 1753 1134 Quanti

301 1150 520 1199 mortales,
545 1151 723 1203 quinam
745 1155 791 1190 et
811 1151 965 1204 quanti
988 1150 1253 1204 Pelopidae:
1273 1150 1358 1191 hoc
1380 1154 1461 1200 est,
1483 1153 1606 1203 quot,
1629 1149 1752 1202 quod

303 1217 643 1258 usitatissimum
665 1217 746 1257 fuit
767 1216 1042 1269 Septimiano
1062 1230 1158 1258 aevo
1176 1229 1186 1257 :
1219 1219 1232 1237 ‘
1248 1215 1494 1258 Delutare:'
1524 1220 1537 1239 ‘
1555 1216 1605 1257 Is
1633 1216 1754 1268 Aga-

302 1284 518 1324 memnoni
538 1284 782 1333 insinuans,
803 1296 903 1336 quae
927 1283 1045 1324 circa
1073 1282 1211 1324 filiam
1242 1283 1338 1336 ejus
1368 1283 1635 1333 evenissent,
1659 1283 1754 1324 ani-

302 1363 420 1391 mum
451 1354 582 1404 atque
614 1355 813 1391 ornatum
844 1350 958 1402 regis
988 1350 1269 1399 reformavit,’
1288 1350 1373 1390 hoc
1404 1354 1489 1399 est,
1511 1350 1690 1390 comiter
1711 1352 1755 1390 et

302 1417 499 1458 modeste
530 1417 803 1469 significans:
834 1421 847 1439 ‘
871 1417 1015 1470 Super
1048 1429 1147 1470 quae
1179 1417 1373 1471 juvenis,
1405 1416 1529 1458 aliud
1564 1420 1753 1470 tempus,

304 1484 438 1524 alium
463 1484 627 1533 locum,
649 1488 970 1537 tractatumque
1001 1485 1096 1525 fore
1126 1484 1366 1538 respondit.
1425 1483 1484 1525 Et
1504 1483 1754 1535 indignatus

304 1550 499 1590 nondum
521 1551 606 1591 sibi
637 1563 664 1591 a
693 1550 873 1592 Priamo
904 1564 1039 1604 super
1067 1551 1150 1600 his,
1171 1563 1272 1604 quae
1305 1564 1455 1591 secum
1476 1554 1754 1599 tractaverat,

306 1616 589 1666 mandatum,'
627 1618 712 1658 hoc
762 1622 842 1667 est,
883 1618 1136 1658 nunciatum
1154 1630 1164 1659 ι
1196 1620 1210 1638 ‘
1229 1617 1466 1658 Rumorem
1509 1617 1554 1657 in
1590 1616 1756 1657 Verum

306 1688 538 1724 traxerant.
571 1686 583 1705 ‘
598 1684 770 1734 Solito:
785 1685 1012 1726 absolute:
1035 1687 1048 1705 ‘
1065 1684 1327 1725 Coadunare
1342 1683 1365 1724 ε’
1387 1684 1597 1734 Quietum
1612 1683 1756 1723 disce-

311 1751 442 1800 ditur,
471 1750 555 1791 hoc
587 1756 672 1800 est,
700 1752 927 1793 cubitum:
976 1751 1211 1792 ‘Relatum
1247 1750 1388 1791 differt
1425 1751 1468 1790 in
1501 1749 1755 1803 proximum

309 1816 454 1866 diem,'
475 1817 559 1858 hoc
579 1821 661 1866 est,
679 1818 1042 1859 renuntiationem
1061 1818 1292 1870 legationis
1311 1830 1417 1859 suae.
1476 1824 1486 1839 ‘
1505 1817 1756 1870 Sullapsum

310 1883 458 1934 coelo‚'
493 1884 578 1925 hoc
601 1887 681 1933 est,
702 1885 951 1938 delapsum.
1012 1885 1181 1938 ‘Super
1201 1884 1417 1938 qualitate
1451 1896 1606 1925 eorum
1634 1894 1758 1923 exer-

311 1949 430 1998 tius:
460 1950 544 1991 hoc
565 1954 647 2000 est,
669 1951 831 2001 acrius,
862 1954 874 1972 ‘
891 1951 1178 1992 disserturum
1195 1950 1219 1993 :'
1249 1955 1262 1973 ‘
1279 1950 1587 2005 Impossibilia
1607 1953 1759 2003 postu-

313 2017 403 2056 lare
425 2016 448 2057 :'
479 2019 490 2037 ‘
508 2017 731 2058 Placitum
763 2017 1018 2067 confirmat,'
1047 2018 1133 2059 hoc
1168 2020 1251 2067 est,
1273 2023 1533 2058 conventum
1563 2018 1757 2070 pactum.

313 2087 326 2104 ‘
346 2083 476 2125 Jovis
508 2083 913 2126 Anteaedificialis:'
944 2087 957 2106 ‘
980 2085 1140 2126 Forma
1173 2082 1518 2138 perlaudabilis.’
1576 2083 1694 2124 Haec
1715 2087 1760 2123 et

312 2151 474 2191 similia
494 2151 592 2204 quis
611 2150 784 2192 tandem
807 2151 976 2192 Latinae
994 2152 1225 2204 elegantiae
1246 2151 1365 2192 haud
1384 2151 1615 2203 imperitus
1634 2150 1760 2190 dixe-

312 2217 368 2257 rit
399 2217 516 2258 illius
547 2231 642 2258 esse
674 2218 835 2268 aetatis,
870 2231 958 2271 qua
985 2218 1181 2259 maxime
1211 2219 1366 2260 isthaec
1402 2217 1552 2269 lingua
1581 2217 1759 2257 floruit?

312 2283 429 2324 Vide
450 2285 581 2325 etiam
603 2284 766 2325 Olaum
784 2286 1072 2335 Bon-ichium,
1090 2290 1136 2326 et
1157 2285 1432 2327 Gronovium
1454 2284 1645 2333 Patrem,
1667 2284 1760 2325 Ob-

315 2363 425 2391 serv.
446 2351 620 2392 Eccles.
641 2353 712 2393 25.

376 2428 573 2459 xxxlx.
603 2419 761 2472 Neque
791 2422 937 2460 tamen
959 2419 1206 2473 negaverim
1228 2417 1459 2471 Scioppio,
1482 2416 1601 2470 quod
1624 2416 1762 2466 addit,

315 2485 560 2526 ‘nonnullis
580 2486 694 2526 locis
718 2486 907 2540 Dictyos
929 2486 1092 2539 aliquid
1113 2485 1220 2526 mali
1242 2497 1269 2525 a
1290 2485 1408 2524 mala
1422 2496 1520 2524 esse
1537 2482 1762 2536 objectum

316 2551 478 2592 manu.’
529 2551 627 2593 Nec
645 2553 758 2593 enim
780 2553 948 2603 dubito,
970 2554 1076 2606 quin
1090 2552 1243 2593 multis
1264 2551 1434 2592 inlocis
1447 2550 1579 2591 etiam
1594 2549 1764 2589 librari-

318 2631 438 2658 orum
461 2618 595 2671 culpa
630 2618 828 2672 Scriptor
847 2619 919 2660 hic
949 2619 1071 2660 foeda
1101 2619 1159 2660 sit
1194 2617 1452 2670 stribiligine
1481 2615 1682 2666 vitiatus,
1716 2619 1764 2655 et

318 2685 542 2737 complura
561 2684 656 2738 ejus
677 2687 852 2737 generis
884 2686 1017 2726 etiam
1046 2698 1161 2726 nunc
1181 2684 1418 2736 supersint.
1475 2681 1639 2722 Eorum
1657 2693 1765 2722 non-

321 2750 439 2790 nulla
455 2756 616 2791 nostrat
639 2751 1025 2793 animadversionis
1044 2751 1112 2793 hic
1129 2750 1420 2805 proferemus.
1452 2747 1527 2789 Sic
1546 2758 1575 2788 1.
1588 2748 1629 2788 4.
1649 2751 1662 2769 ‘
1679 2748 1765 2789 Po-
