1915 3231
330 309 414 351 178

329 414 409 454 des
430 427 528 456 cum
548 414 730 469 Ulysse,
747 416 919 469 vigilias
940 418 983 458 in
1003 430 1057 458 ea
1076 425 1202 471 parte
1218 420 1435 466 curantes,
1458 417 1614 469 procul
1635 418 1772 458 anim-

328 480 569 533 advertere,
609 483 690 524 rati
721 481 965 537 Trojanos¹
1011 496 1037 524 a
1073 483 1251 524 Priamo
1284 483 1564 535 exploratum
1591 484 1770 533 missos,

326 548 509 601 arreptis
529 549 678 599 armis,
712 562 819 590 mox
840 562 994 603 presso
1014 550 1150 601 gradu
1170 550 1573 602 circumspicientes
1603 550 1764 600 omnia,

324 619 507 666 pergunt
527 615 582 656 ad
603 629 704 656 eum
725 616 885 656 locum.
944 616 1059 658 Tum
1080 616 1273 669 fatigatis
1303 629 1359 657 ex
1389 615 1540 657 itinere
1572 616 1765 657 custodi-

323 681 421 730 bus,
443 686 485 723 et
505 683 563 723 ob
584 681 628 722 id
651 695 807 723 somno
830 684 1009 735 pressis,
1030 696 1209 736 eosque,
1240 687 1285 723 et
1315 682 1492 723 interius
1521 683 1762 736 progressi,

321 748 368 787 in
389 749 501 801 ipsis
521 750 720 790 tentoriis
750 762 892 802 regem
922 750 1223 791 interficiunt.m
1286 748 1400 789 Dein
1421 748 1531 789 nihil
1553 749 1668 790 ultra
1687 761 1767 790 au-

323 813 516 855 dendum
554 816 649 864 rati,
677 828 848 856 currum
882 815 1013 869 ejus,¹¹
1045 819 1088 857 et
1128 829 1230 857 cum
1269 816 1452 868 egregiis
1487 815 1731 868 insignibus
1748 821 1764 838 ⁰

321 893 459 933 equos
472 887 489 912 P
521 882 578 923 ad
598 895 734 924 naves
755 873 934 924 ducunt.
979 883 1051 924 Ita
1070 883 1287 936 reliquum
1308 882 1449 923 noctis
1469 882 1513 923 in
1532 883 1626 923 suis
1643 883 1768 935 quis-

322 959 407 999 que
426 948 725 988 tabernaculis
746 949 1072 1001 requiescentes
1091 950 1347 1002 transigunt.
1407 948 1468 989 At
1498 949 1612 990 lucis
1641 949 1762 1002 prin·

319 1013 440 1065 cipio
462 1014 654 1066 reliquos
675 1014 812 1055 duces
833 1016 1114 1065 conveniunt,
1137 1028 1214 1056 eos
1238 1015 1415 1056 facinus
1437 1028 1590 1056 ausum
1612 1016 1765 1068 exple-

317 1081 494 1131 tumque
516 1079 685 1120 docent.
726 1078 795 1120 Ac
815 1093 922 1121 mox
942 1082 1023 1122 rati
1045 1081 1260 1121 barbaros
1280 1081 1488 1121 incensos
1507 1081 1632 1122 caede
1649 1081 1764 1133 regis

316 1144 465 1193 affore,
481 1145 640 1198 jubent
660 1158 816 1186 omnes
838 1146 1081 1200 frequentes
1105 1146 1223 1200 apud
1247 1159 1368 1187 arma
1390 1158 1532 1198 agere,
1551 1147 1760 1200 opperiri-

317 1223 403 1264 que
424 1211 608 1252 hostem.
651 1211 759 1265 [46]
777 1212 932 1265 Neque
951 1212 1086 1252 multo
1106 1216 1208 1265 post
1222 1212 1432 1262 Thraces,
1453 1212 1531 1252 ubi
1551 1225 1759 1266 experge-

315 1276 425 1318 facti
445 1291 469 1317 e
490 1290 661 1328 somno,
691 1291 835 1330 regem
855 1279 1142 1325 interemtum,
1174 1278 1337 1319 foedam
1358 1278 1517 1319 faciem
1537 1279 1651 1320 intra
1667 1284 1761 1321 ten-

316 1344 429 1385 toria
460 1344 819 1394 animadvertere,
849 1349 891 1386 et
912 1345 1105 1398 vestigia
1134 1345 1315 1386 abducti
1345 1357 1495 1386 currus
1525 1344 1760 1387 manifesta

314 1415 430 1459 sunt,
459 1412 619 1464 raptim
641 1425 694 1453 ac
717 1412 811 1452 sine
832 1413 934 1453 ullis
955 1411 1193 1462 ordinibus,
1214 1415 1261 1452 ut
1282 1424 1500 1464 quemque
1529 1424 1622 1452 sors
1653 1425 1760 1452 con-

314 1477 587 1530 globaverat,
609 1478 664 1519 ad
686 1491 821 1520 naves
840 1479 1028 1520 evolant.
1089 1478 1263 1529 Quibus
1294 1479 1447 1531 procul
1478 1477 1602 1528 visis,
1620 1480 1757 1521 nostri

798 323 1010 354 ch'rYos
1043 322 1314 353 CRETENSIS

968 1618 1109 1651 NOTAE

1062 1703 1172 1736 trem.'

313 1703 452 1734 Homer.
476 1702 604 1744 Θρήϊκες
617 1703 670 1734 οἵδ’
687 1704 836 1736 ἀπάνευθε
853 1705 1008 1744 νεήλυδες,

1100 1760 1115 1773 ⁰
1140 1755 1217 1785 Cum
1241 1754 1376 1793 egregiis
1400 1752 1589 1793 insignibus]
1626 1754 1752 1786 Forsan

312 1753 443 1792 ἔσχατοι
459 1754 575 1786 ἄλλων.
607 1760 615 1772 ‘
630 1755 788 1785 Threices
806 1755 837 1786 bi
854 1765 1005 1786 seorsum

310 1804 389 1834 novi
407 1804 559 1843 advenae,
574 1804 717 1835 extremi
731 1804 893 1835 aliorum)
929 1805 1005 1836 Hoc

312 1859 376 1892 est,
391 1854 523 1885 Graecis
539 1854 680 1894 objecti.

1058 1804 1067 1821 ‘
1083 1804 1225 1844 insignia
1236 1803 1243 1816 '
1259 1805 1332 1835 haec
1345 1804 1547 1843 simpliciter
1561 1804 1753 1844 intelligen-

1057 1852 1101 1883 da
1116 1858 1193 1884 sunt
1209 1852 1251 1883 de
1268 1852 1381 1892 spoliis
1398 1852 1554 1883 hostium.
1598 1853 1663 1884 Sed
1680 1852 1751 1884 for-

352 1902 359 1923 ¹
386 1904 460 1934 Rati
479 1904 636 1944 Trojanis]
675 1902 728 1934 Ab
746 1903 821 1934 aliis
839 1902 1002 1942 omnibus,

310 1958 346 1983 ut
376 1962 477 1992 supra
506 1953 707 1990 monuimus,
736 1952 915 1991 dissentit;
946 1953 1001 1993 qui

309 2002 463 2033 scribunt
479 2003 635 2042 Ulyssem
653 2007 686 2032 et
699 2002 911 2039 Diomedem,
926 2012 1001 2042 spe-

309 2053 477 2083 culatores
491 2053 619 2090 missos,
633 2062 651 2082 a
662 2051 792 2082 Dolone
807 2052 1001 2092 intercepto

310 2102 421 2132 omnia
436 2101 608 2132 didicisse.

350 2155 372 2171 m
390 2152 429 2182 In
444 2151 518 2190 ipsis
529 2150 670 2182 tentoriis
682 2160 785 2190 regem
797 2150 1000 2192 interficiunt]

307 2201 404 2231 Solus
432 2201 600 2231 Pindarus
624 2200 740 2231 scribit
768 2200 910 2230 Rhesum
939 2209 1000 2240 per

306 2255 415 2281 totum
442 2249 530 2280 diem
557 2249 717 2280 adversus
745 2249 885 2280 Graecos
915 2258 997 2289 pug-

306 2308 414 2338 nasse,
443 2300 650 2340 multumque
681 2308 738 2329 eos
769 2298 942 2338 fatigasse,
963 2304 998 2330 et

305 2354 407 2380 nocte
434 2350 588 2389 sequenti
617 2350 769 2390 Ulyssem
797 2354 832 2380 et
862 2349 996 2379 Diome·

304 2397 381 2428 dem
397 2398 528 2429 monitu
541 2399 682 2430 ,lunonis
705 2403 740 2428 et
757 2398 906 2428 Palladis
922 2407 996 2429 cas-

305 2453 358 2478 tra
370 2449 590 2488 Trojanorum
608 2449 772 2488 ingressos
789 2448 933 2480 Rhesum
949 2447 996 2478 in-

304 2497 493 2530 terfecisse.

344 2552 359 2567 ¹²
385 2550 518 2579 Currum
535 2547 613 2588 ejus]
644 2549 776 2579 Falsum
792 2551 844 2578 est
861 2557 994 2579 currum

301 2606 357 2628 eos
369 2597 568 2628 abduxisse:
588 2608 662 2628 nam
679 2604 714 2629 et
730 2598 886 2629 Minerva
903 2597 992 2637 apud

301 2647 499 2687 Euripidem
523 2648 683 2679 Diomedi
705 2648 803 2686 dicit,
829 2658 893 2678 non
919 2657 991 2678 esse

301 2698 388 2736 apud
406 2707 462 2727 eos
479 2697 535 2727 ubi
553 2707 684 2728 currum
702 2707 776 2728 eum
792 2698 922 2728 locent:
947 2697 992 2727 Οὐ

300 2746 361 2786 ’γάρ
383 2747 446 2778 ἐσθ’
469 2746 546 2777 ὅπου
568 2745 681 2777 'raum'
706 2747 811 2785 ὄχημα
832 2747 914 2785 χθὼν
942 2745 990 2777 κε’-

302 2800 386 2826 κευθε
413 2796 558 2827 πωλικόν.
603 2800 611 2813 ‘
633 2798 707 2828 Non
735 2797 823 2828 enim
851 2802 903 2827 est
935 2796 990 2827 ubi

298 2846 411 2877 Talem
429 2856 562 2878 currum
581 2851 670 2878 terra
687 2847 855 2879 custodiat
873 2855 989 2887 eques-

1056 1911 1114 1932 san
1131 1902 1233 1933 etiam
1250 1902 1291 1933 ad
1309 1906 1506 1932 ornamenta
1519 1911 1680 1943 equorum
1698 1912 1750 1934 re-

1056 1953 1166 1992 spexit
1182 1953 1327 1992 Dictys,
1348 1962 1421 1993 quae
1440 1952 1487 1983 sic
1502 1952 1666 1983 describit
1682 1954 1750 1987 Eu·

1054 2002 1155 2040 ripid-
1180 2002 1286 2041 Χρυσῆ
1301 2000 1333 2032 δὲ
1349 2000 1507 2040 πλάστιγξ
1519 2000 1638 2040 αὐχένα
1652 2000 1750 2041 ζυγη-

1054 2050 1152 2091 φόρων
1173 2051 1290 2082 Πώλων
1313 2051 1419 2092 ἔκλῃε,
1442 2050 1547 2090 χιόνος
1569 2051 1751 2091 ἐξαυγεστέ-

1053 2113 1122 2140 ρων,
1143 2102 1198 2140 Et,
1216 2101 1319 2141 Γοργὼ
1341 2101 1377 2136 δ’,
1393 2101 1434 2132 ὡς
1459 2101 1505 2131 ἐπ’
1526 2100 1644 2139 αἰγίδος
1667 2103 1750 2143 aeas,

1052 2151 1164 2187 Χαλκῆ
1199 2150 1347 2188 μετώποις
1383 2150 1535 2181 ἱππικοῖσι
1569 2150 1750 2192 πρόσδετος,

1052 2202 1205 2231 Πολλοῖσι
1234 2200 1291 2231 σὺν
1320 2199 1456 2231 κώδωσιν
1483 2201 1608 2232 ἐκτύπει
1634 2200 1747 2240 φόβον.

1051 2253 1060 2268 ‘
1075 2251 1187 2282 Aurea
1203 2256 1315 2282 autem
1332 2251 1423 2281 bulla
1439 2251 1562 2282 collum
1579 2251 1748 2291 jugalium

1050 2300 1224 2340 Equorum
1250 2299 1447 2336 claudebat,
1472 2300 1549 2331 nive
1575 2301 1747 2332 candidio-

1051 2360 1146 2381 rum:
1172 2351 1288 2390 Gorgo
1309 2355 1434 2390 autem,
1452 2351 1545 2381 velut
1566 2349 1600 2380 in
1626 2350 1746 2391 clypeo

1048 2401 1210 2439 Palladis,
1237 2401 1362 2431 Ferrea
1388 2399 1558 2430 frontibus
1585 2409 1745 2441 equorum

1047 2450 1198 2489 alligata,
1232 2450 1316 2480 Cum
1358 2448 1473 2478 multis
1511 2448 1745 2480 tintinnabulis

1048 2507 1163 2529 sonum
1179 2498 1361 2528 terribilem
1379 2496 1526 2528 edebat.’

1088 2552 1104 2573 Ρ
1128 2548 1247 2588 Equos]
1273 2547 1339 2579 Qui
1366 2546 1393 2577 si
1420 2546 1558 2578 xantho
1579 2546 1744 2580 bibissent

1047 2602 1082 2628 et
1099 2608 1116 2627 e
1132 2598 1279 2637 Trojano
1296 2606 1414 2636 campo
1433 2596 1590 2636 pabulum
1606 2602 1741 2635 gustas-

1045 2652 1132 2686 sent,
1157 2647 1262 2687 Troja
1292 2645 1407 2676 futura
1431 2649 1506 2676 erat
1530 2645 1741 2687 inexpugna-

1046 2697 1134 2728 bilis.
1158 2697 1257 2728 Unde
1266 2696 1393 2736 Virga.
1407 2695 1480 2726 AEn.
1495 2695 1537 2726 de
1550 2696 1740 2729 Diomede:

1045 2746 1304 2787 ‘Ardentesque
1330 2744 1454 2775 avertit
1479 2753 1582 2785 equos
1609 2745 1642 2775 in
1667 2755 1740 2776 eas-

1046 2800 1110 2834 tra,
1153 2796 1347 2836 priusquam
1383 2793 1515 2824 Pabula
1546 2799 1737 2834 gustassent

1043 2846 1168 2887 Trojae,
1181 2847 1422 2887 Xanthumque
1439 2843 1628 2877 bibissent!
