1915 3231
293 202 378 243 260
759 212 971 243 merres
1004 212 1279 243 cRE'rENffls

294 307 640 360 sepulcrumque
679 306 798 360 apud
839 305 1048 360 Abydum
1066 304 1081 327 ¹*
1131 307 1350 357 statuitur,
1402 307 1744 361 appellaturque

295 371 594 427 Cynossema,1
625 373 683 414 ob
712 374 873 426 linguae
905 373 1175 426 proterviam
1205 373 1596 428 impudentemque
1619 380 1746 427 petu-

294 440 491 482 lantiam.
528 441 614 482 Per
636 440 753 482 idem
774 445 951 494 tempus
969 440 1239 490 Cassandra,
1259 440 1357 482 Deo
1375 440 1588 494 repleta‚¹¹¹
1607 440 1749 482 multa

294 509 338 548 in
360 506 739 560 Agamemnonem
761 507 947 548 adversa
967 507 1253 561 praenuntiat:
1283 507 1471 548 insidias
1497 507 1667 560 quippe
1688 519 1748 548 ex

295 575 490 624 occulto,
513 574 773 628 caedemque
796 574 916 615 domi
937 587 1017 627 per
1051 578 1190 614 suos¹¹
1220 574 1510 627 compositam
1529 586 1539 614 ε
1570 576 1748 626 praeter-

296 653 351 681 ea
371 641 581 681 universo
602 640 845 681 exercitui⁰
878 640 1192 693 profectionem
1215 641 1272 681 ad
1293 653 1398 682 suos
1421 639 1750 681 incommodam

294 707 629 761 exitialemque.
677 707 800 747 Inter
821 718 922 760 quae
944 705 1146 747 Antenor
1163 719 1265 747 cum
1285 706 1378 747 suis
1399 705 1587 748 Graecos
1607 718 1748 755 orare,

296 774 542 814 omitterent
561 774 666 823 iras,
681 781 815 827 atque
830 777 1009 825 urgente
1031 773 1191 826 navigii
1211 776 1404 827 tempore
1417 778 1434 804 P
1454 774 1499 815 in
1516 785 1748 814 commune

296 838 612 879 consules-ente
671 839 895 880 Praeterea
925 851 1078 879 omnes
1096 839 1232 880 duces
1253 840 1309 880 ad
1339 852 1388 881 se
1416 839 1644 893 epulatum
1674 839 1750 881 de-

297 905 418 946 ducit
436 919 446 947 :
477 906 628 959 ibique
649 905 847 958 singulos
867 918 1000 958 quam
1022 905 1229 946 maximis
1250 906 1379 947 donis
1411 906 1562 959 replet.
1620 905 1749 947 Tunc

297 972 445 1012 Graeci
482 972 634 1013 AEneae
673 971 873 1020 suadent,
904 984 1055 1012 secum
1092 971 1157 1012 uti
1197 972 1242 1012 in
1274 972 1496 1015 Graeciam
1536 973 1750 1026 naviget,⁴²¹

902 1100 1126 1114 “tenue“
1131 1101 1149 1113 O

303 1196 433 1228 insidias
447 1196 635 1237 «μύρρα-ὓ
659 1197 784 1238 Delph.
798 1198 1035 1229 consulant.—7
1062 1197 1187 1239 Delph.
1202 1197 1283 1238 apud
1305 1198 1532 1229 tumulum—8
1555 1197 1679 1239 Delph.
1697 1207 1752 1230 ex-

954 1293 1098 1326 NOTAE

304 1371 396 1397 tasse
411 1376 419 1397 ε
445 1365 500 1396 alii
518 1375 536 1396 a
552 1366 823 1406 Polymnestoris
835 1367 999 1399 militibus

1097 1374 1113 1394 Ρ
1141 1369 1280 1408 Urgeute
1295 1368 1416 1408 navigii
1438 1367 1587 1409 tempore]
1619 1369 1753 1410 Nempe

300 1416 469 1457 lapidibus
485 1416 652 1448 obrutam.

1055 1419 1134 1459 quia
1155 1418 1229 1459 jam
1253 1417 1370 1459 hyems
1392 1417 1586 1458 ingruebat,
1607 1423 1644 1449 ut
1666 1418 1754 1450 infra.

343 1466 357 1486 ¹<
380 1467 472 1507 Apud
489 1466 650 1507 Abydum]
678 1466 745 1498 Alii
762 1467 795 1498 in
812 1468 1001 1501 Chersone-

301 1525 337 1547 so
352 1521 481 1557 ponunt
495 1527 504 1554 ;
529 1517 584 1547 alii
598 1517 631 1547 in
644 1517 755 1556 Sigeo-

345 1565 352 1585 ¹
378 1567 579 1607 Cynossema]
616 1568 737 1599 Latine
753 1567 900 1608 dicereS,
924 1568 1001 1600 ‘ca-

302 1616 354 1647 nis
371 1617 652 1648 monumentum!

345 1671 368 1686 m
394 1666 587 1702 Cassandra,
606 1667 677 1698 Deo
700 1668 832 1709 repleta]
856 1667 942 1700 Haec
959 1678 1002 1700 ex

303 1716 527 1757 Lycophrone
564 1721 715 1748 mutatus
754 1723 808 1748 est
855 1719 976 1759 Dictys
991 1730 1000 1758 ;

304 1765 393 1806 apud
408 1775 507 1806 quem
526 1766 715 1797 Cassandra
732 1766 866 1798 Graecis
883 1775 1001 1798 ventu-

304 1825 342 1846 ra
358 1815 548 1847 denuntiat.

346 1869 360 1884 ¹¹
385 1865 446 1896 Per
458 1864 540 1905 suos]
553 1865 850 1905 Clytaemnestram
863 1876 1002 1899 uxorem

305 1925 410 1947 suam.

348 1970 362 1985 ⁰
390 1965 540 1996 Universa
555 1964 722 2005 exercitui]
759 1963 844 1996 Haec
866 1974 908 1996 ex
932 1965 1002 1997 Ho-

305 2025 397 2047 mero
410 2014 610 2046 adumbrata
621 2013 889 2054 videntur‚apud
903 2024 1003 2055 quem

308 2067 437 2097 Nestor
452 2065 513 2103 ait,
531 2064 598 2095 od.
616 2068 650 2096 Γ.
674 2064 775 2103 Βῆμεν
797 2064 821 2095 δ’
839 2064 872 2094 ἐν
886 2063 1005 2104 νήεσσι,

307 2115 383 2147 Θεὸς
409 2116 432 2146 δ’
460 2114 628 2145 ἐκέδασσεν
653 2112 810 2153 Ἀχαιούς·
848 2114 907 2145 Καὶ
932 2113 1006 2145 τότε

307 2166 344 2203 δὴ
368 2164 441 2196 Ζεὺς
456 2164 572 2205 λυγρὸν
589 2164 631 2195 ἐνὶ
647 2164 738 2205 φρεσὶ
758 2163 872 2203 μήδετο
895 2164 1008 2197 νόστον

305 2217 470 2257 Ἀργείοις,
485 2215 550 2247 ἐπεὶ
569 2216 640 2247 οὔτε
655 2215 800 2254 νοήμονες
815 2214 884 2247 οὐδὲ
899 2215 1009 2248 δίκαιοι

308 2266 430 2298 Πάντες
462 2265 548 2298 ἔσαν.
575 2267 621 2305 τῷ
644 2265 749 2306 σφέων
774 2264 887 2298 πολέες
913 2266 1009 2297 κακὸν

308 2316 393 2348 οἶτον
404 2315 549 2353 ἐπέσπον,
560 2315 675 2353 Μήνιος
685 2317 716 2355 ἐξ
727 2314 820 2352 ὀλοῆς
832 2316 1008 2347 Γλαυκώπι-

308 2369 360 2399 δος
381 2365 617 2408 ὀβριμοπάτρης.
651 2372 661 2386 ’
675 2366 850 2397 Abivimus
867 2366 901 2397 in
916 2366 1007 2397 navi-

307 2418 395 2456 bus3
419 2418 514 2448 Deus
535 2422 648 2448 autem
672 2416 832 2457 dispersit
855 2416 1009 2456 Graecos,

309 2469 356 2499 Et
372 2473 452 2499 tunc
464 2471 559 2499 certe
571 2467 710 2508 Jupiter
726 2466 858 2498 tristem
872 2466 904 2497 in
918 2475 1011 2498 men-

310 2523 344 2549 te
355 2518 612 2549 machinabatur
623 2516 906 2549 reditumGraecis
916 2526 925 2555 ;
936 2525 1012 2547 nam

311 2578 422 2610 neque
441 2567 628 2609 prudentes
645 2576 756 2608 neque
774 2566 861 2607 justi
884 2566 1011 2598 Omnes

312 2623 422 2650 erant.
469 2617 622 2659 Ideoque
644 2618 792 2657 ipsorum
809 2617 920 2658 plures
943 2626 1010 2647 ma-

313 2669 383 2699 lum
413 2666 519 2699 fatum
555 2668 728 2698 consecuti
760 2672 851 2706 sunt,
881 2667 938 2699 Ira
968 2676 1011 2699 ex

315 2718 508 2758 perniciosa
526 2718 691 2749 Miuervae
710 2717 890 2758 patt·ima=.’

1055 1468 1128 1508 ipse
1145 1468 1269 1507 innuit,
1286 1469 1295 1484 ‘
1310 1468 1409 1498 veriti
1427 1477 1468 1499 ne
1485 1477 1546 1509 per
1559 1477 1687 1499 moram
1704 1469 1754 1499 in-

1056 1522 1214 1549 terventu
1242 1517 1383 1558 hyemis,
1410 1527 1485 1558 quae
1516 1517 1706 1558 ingruebat,
1734 1528 1755 1549 a

1056 1567 1247 1609 navigando
1276 1566 1564 1598 excluderentur?
1624 1567 1670 1598 Et
1700 1567 1754 1599 hie

1055 1626 1112 1648 eos
1143 1617 1296 1659 sequitur
1323 1617 1462 1658 Dictys,
1493 1618 1551 1659 qui
1590 1623 1754 1649 autumno

1055 1673 1191 1708 captum
1207 1668 1306 1699 Ilium
1325 1668 1466 1708 dicunt;
1498 1669 1588 1699 inter
1603 1677 1686 1709 quos
1702 1667 1756 1699 fu-

1055 1718 1122 1749 isse
1151 1719 1288 1750 videtur
1323 1719 1471 1758 Servius,
1499 1718 1556 1759 qui
1593 1717 1756 1759 scripsit:

1056 1771 1113 1799 ‘et
1135 1767 1308 1799 sciendum
1335 1772 1388 1799 est
1412 1768 1556 1808 septima
1577 1767 1657 1798 luna
1676 1776 1755 1809 cap-

1056 1821 1125 1849 tam
1143 1827 1216 1849 esse
1232 1817 1393 1858 Trojam.’
1435 1817 1502 1849 Sed
1519 1827 1594 1849 cum
1613 1817 1685 1848 aliis
1703 1827 1756 1849 er-

1057 1872 1108 1898 rat
1126 1867 1269 1908 Dictys3
1286 1877 1362 1899 nam
1382 1867 1496 1908 Trojae
1511 1866 1681 1898 excidium
1701 1876 1757 1898 ac-

1057 1917 1139 1949 cidit
1155 1917 1295 1949 finiente
1312 1926 1404 1954 vere,
1430 1923 1467 1948 nt
1492 1917 1525 1948 in
1551 1915 1757 1958 praefatione

1056 1976 1098 1998 ex
1115 1967 1288 2008 Scaligero
1305 1967 1580 1999 demonstratum.
1621 1965 1758 2006 Navigii

1057 2021 1168 2048 autem
1192 2020 1313 2058 tempus
1337 2017 1420 2048 dicit
1443 2022 1572 2053 noster,
1585 2025 1648 2057 pro
1673 2020 1757 2048 tem·

1060 2075 1142 2106 pore
1158 2066 1397 2106 navigationis.

1102 2120 1118 2141 ‘1
1147 2115 1255 2146 Secum
1284 2117 1333 2147 uti
1365 2116 1399 2147 in
1431 2116 1588 2148 Groecz'am
1617 2116 1760 2158 naviget]

1061 2165 1206 2198 Quidam
1233 2166 1387 2197 scribunt
1408 2166 1547 2197 AEneam
1571 2166 1759 2207 Neoptole-

1061 2226 1115 2248 mo
1142 2217 1313 2258 captivum
1334 2216 1465 2255 datum,
1491 2221 1527 2247 et
1553 2217 1586 2248 in
1613 2217 1758 2248 Pharsa-

1061 2266 1136 2297 liam
1164 2266 1360 2297 adductum.
1405 2266 1563 2302 Lesches,
1592 2266 1624 2297 in
1654 2275 1759 2308 parva

1062 2315 1171 2347 Iliade
1186 2326 1194 2347 :
1211 2313 1311 2347 Αὐτόν
1325 2315 1353 2346 τ’
1368 2314 1524 2355 Ἀγχίσαο
1539 2315 1652 2348 κλυτὸν
1665 2315 1761 2355 ’γόνον

1062 2364 1245 2404 ἱπποδάμοιο
1271 2364 1392 2396 Αἰνείαν
1421 2367 1455 2396 ἐν
1487 2365 1592 2403 νηυσὶν
1620 2365 1760 2404 ἐβήσατο

1061 2414 1306 2455 ποντοπόροισιν,
1317 2415 1370 2446 Ἐκ
1379 2414 1501 2446 πάντων
1510 2418 1638 2447 Δαναῶν
1644 2416 1760 2456 ἀγέμεν

1062 2462 1155 2505 γέρας
1177 2465 1288 2504 ἔξοχον
1302 2464 1421 2496 ἄλλων.
1463 2466 1473 2483 ‘
1488 2465 1673 2508 Ipsumque
1690 2466 1762 2498 An·

1064 2516 1167 2548 chisae
1183 2515 1343 2556 inclytum
1359 2515 1465 2547 filium
1480 2516 1645 2557 equestris
1658 2516 1761 2548 AEne-

1065 2577 1117 2598 am
1135 2567 1170 2598 in
1186 2575 1289 2597 naves
1308 2565 1492 2598 ascendere
1510 2565 1594 2599 fecit
1615 2575 1679 2608 per
1693 2575 1762 2598 ma·

1065 2626 1101 2648 re
1130 2621 1318 2651 currentes,
1342 2616 1452 2656 Super
1480 2625 1594 2647 omnes
1616 2616 1760 2648 Graecos

1065 2666 1206 2697 sortitus
1243 2665 1418 2706 praemium
1455 2665 1638 2698 eximium!
1690 2665 1760 2698 Sed

1066 2720 1197 2757 postea,
1214 2715 1325 2747 occiso
1349 2716 1576 2757 Neoptolemo
1599 2715 1641 2748 ab
1657 2715 1760 2748 Ores-
