1915 3231
581 387 641 415 Du
678 386 847 416 uxori).
878 386 1044 417 TROJAE
1078 386 1276 416 ms'roR.
1559 375 1647 417 :315

199 479 371 520 nomina
390 481 432 518 et
453 479 700 530 provincias
721 478 1008 519 insinuandas
1026 490 1125 518 6556
1144 478 1370 518 duximus.
1418 478 1484 518 De
1502 479 1644 529 Zelia,

197 542 455 592 Pandarus,i
477 543 719 596 Amphion,
740 542 994 585 Adrastus.¹<
1027 544 1095 584 De
1113 543 1406 597 Colophonia,
1426 538 1644 598 Mopsus‚¹

196 609 350 660 Cares,
393 611 573 660 Nastes,
621 610 1017 663 Amphimachus.m
1095 612 1165 652 De
1203 611 1358 665 Lycia,
1398 611 1643 665 Sarpedon,

193 677 409 718 Glaucus.
473 678 540 717 De
572 677 764 727 Larissa,
789 677 1073 730 Hippothous
1105 683 1151 718 et
1176 676 1417 731 Copesus.¹¹
1477 679 1548 719 De
1572 678 1644 719 Ci-

193 743 340 794 conia‚
363 743 637 796 Euphemus.
697 744 768 784 De
790 743 995 792 Thracia,
1019 743 1164 797 Pyrus
1182 749 1228 784 et
1242 743 1473 785 Acamas.⁰
1516 744 1644 786 Anti-

192 811 306 865 phus
343 816 389 852 et
420 811 633 852 Mesthles
664 810 718 851 de
751 810 963 852 Maeonia.
1023 808 1244 851 Ascanius
1274 816 1319 852 et
1353 812 1554 865 Phorcys
1589 813 1643 854 de

193 879 402 919 Ascania.
463 878 534 918 De
572 877 893 931 Paphlagonia,
926 876 1217 930 Pylaemenes.
1291 878 1360 918 De
1391 878 1638 931 AEthiopia‚

191 944 352 985 Perses
374 950 417 986 et
439 945 678 986 Memnonae
719 944 789 985 De
809 943 1016 993 Thracia,
1040 944 1221 984 Rhesus
1242 949 1288 984 et
1310 944 1640 989 Archilochus.q

190 1012 260 1053 De
280 1010 502 1061 Adrastia,
534 1012 755 1053 Adrastus
786 1016 833 1052 et
859 1009 1110 1065 Amphius.r
1169 1011 1240 1052 De
1277 1010 1496 1062 Alizonia,
1534 1013 1642 1067 Epi-

190 1079 426 1132 strophus.'⁵
476 1079 566 1119 His
587 1078 872 1119 ductoribust
892 1084 938 1119 et
955 1078 1242 1127 exercitibus,
1261 1079 1336 1132 qui
1357 1080 1641 1133 parabantur,

189 1145 390 1198 praefecit
405 1146 609 1187 Priamus
632 1146 856 1200 principes
877 1150 920 1186 et
935 1146 1152 1190 ductores,
1173 1145 1426 1196 Hectorem,
1444 1146 1641 1200 Deipho-

188 1213 310 1262 bum,
333 1212 652 1263 Alexandrum,
672 1214 884 1263 Troilum,
912 1214 1113 1262 AEneam,
1144 1213 1446 1254 Memnonem.
1520 1214 1640 1254 Dum

187 1278 493 1331 Agamemnon
516 1281 709 1322 consulit
740 1281 794 1321 de
816 1284 907 1322 tota
927 1293 985 1329 re,
1013 1293 1070 1320 ex
1100 1278 1288 1320 Cormou
1311 1280 1490 1320 advenit
1513 1280 1556 1320 N
1560 1293 1639 1321 au-

187 1345 270 1398 plii
292 1346 411 1388 filius
428 1347 704 1397 Palamedes,
727 1361 826 1388 cum
847 1347 1037 1387 navibus
1059 1346 1261 1399 triginta:
1283 1347 1355 1387 ille
1377 1360 1425 1387 se
1448 1360 1639 1388 excusa-

186 1414 268 1463 vit,
310 1416 465 1455 morbo
507 1415 710 1456 affectum
749 1413 951 1455 Athenas
993 1415 1140 1455 venire
1181 1427 1269 1454 non
1305 1414 1530 1466 potuisse:
1561 1416 1640 1468 qui

188 1481 426 1530 advenerit,
450 1494 549 1522 cum
571 1483 757 1534 primum
781 1482 987 1533 potuerit.
1029 1481 1210 1522 Gratias
1231 1485 1378 1533 agunt,
1394 1486 1636 1535 rogantque

187 1561 286 1588 eum
307 1548 352 1588 in
373 1548 560 1590 consilio
582 1561 693 1589 csse.
754 1546 863 1601 [19]
895 1547 1070 1589 Deinde
1092 1561 1192 1588 cum
1212 1547 1389 1601 Argivis
1421 1562 1507 1589 non
1531 1561 1637 1589 con-

842 1699 984 1730 NOTAE

937 1794 946 1811 ‘
962 1794 1023 1825 His
1046 1794 1260 1835 imperabant
1284 1794 1500 1835 Hippothous
1516 1799 1550 1826 et
1569 1796 1637 1837 Py-

936 1844 1031 1883 laeus,
1047 1854 1157 1875 ramus
1172 1844 1318 1876 Martis)

224 1793 231 1813 ί
256 1793 305 1823 De
315 1792 416 1831 ZeIia,
432 1791 614 1831 Pandarus]
631 1793 817 1824 Homerum
832 1803 882 1824 se-

183 1843 297 1884 quitur
323 1844 442 1874 Dares.
487 1842 574 1873 Vide
599 1848 718 1873 notata
740 1843 780 1873 ad
801 1843 882 1874 Dic·

180 1898 253 1933 tyn.

224 1941 239 1962 Κ
262 1942 429 1983 Amphion,
445 1942 616 1982 Adrastus]
636 1941 706 1978 Ait,
721 1942 882 1982 Amphio-

180 2001 256 2022 nem
282 1998 317 2023 et
342 1991 524 2022 Adrastum
554 2001 596 2022 ex
620 1991 713 2022 Zelia
739 1992 882 2030 venisse,

180 2051 263 2081 quos
280 2041 465 2080 Homerus,
487 2049 527 2070 ex
546 2040 744 2072 Adresteia.
789 2042 879 2071 Vide

132 2088 135 2091 ’
181 2092 270 2132 apud
292 2092 431 2131 Dictyn‚
449 2091 504 2131 qui
534 2090 755 2131 Amphionem
780 2097 880 2123 vocat

179 2142 373 2182 Amphium‘,
391 2152 432 2172 ex
452 2142 613 2173 Homero.

222 2191 230 2212 ¹
252 2193 303 2224 De
328 2193 527 2233 colophonia,
549 2191 694 2231 Mopsus]
717 2191 764 2223 At
781 2192 879 2232 Mop-

176 2252 248 2273 sum
267 2243 357 2274 inter
378 2243 483 2273 duces
506 2242 704 2273 Graecorum
722 2247 879 2273 numerat

177 2293 302 2333 Dictys
317 2302 325 2322 ι
361 2292 421 2323 sed
444 2292 470 2322 is
486 2300 596 2334 neque
613 2292 748 2323 Graecis
765 2301 876 2333 neque

175 2342 331 2382 Trojanis
348 2340 459 2382 affuit,
475 2345 512 2372 ut
534 2350 577 2372 ex
602 2341 774 2373 veteribus
798 2351 876 2373 cun-

175 2399 256 2425 stat.

219 2449 242 2464 ¹¹¹
267 2445 376 2482 Cares,
390 2444 519 2482 Nastes,
531 2443 786 2485 Amphimachus]
811 2444 876 2474 To-

176 2500 231 2525 tus
243 2495 297 2526 hic
312 2496 406 2525 locus
420 2495 465 2525 ita
476 2493 705 2534 disponendus
719 2500 790 2525 est:
806 2494 876 2524 ‘De

176 2545 386 2586 Colophonia
411 2545 566 2584 Mopsus,
593 2544 709 2583 Cares,
737 2544 877 2583 Names,

175 2594 461 2636 Amphimachus)
505 2593 633 2625 Nastes
669 2598 704 2625 et
735 2593 875 2634 Amphi-

175 2646 311 2677 machus
330 2646 448 2685 Cares,
465 2644 487 2675 i.
505 2654 535 2675 e.
551 2654 594 2675 ex
616 2644 738 2676 Caria:
765 2654 875 2685 neque

176 2696 265 2726 enim
282 2696 342 2727 viri
359 2695 542 2736 proprium.

219 2750 234 2765 ¹¹
251 2747 304 2777 De
318 2746 459 2787 Larissa,
472 2745 670 2785 Hippothous
679 2748 708 2776 et
723 2745 871 2785 copesus]

178 2795 303 2826 Nescio
320 2796 407 2826 unde
434 2797 443 2812 ‘
459 2796 629 2835 Copesum
645 2794 654 2808 '
680 2794 734 2825 hic
764 2799 875 2832 vocat,

175 2855 275 2886 quem
293 2845 461 2876 Homerus
486 2845 682 2885 ‘Pylaeun1.'
725 2846 791 2874 Τῶν
806 2842 876 2883 ἦρχ’

177 2894 336 2927 Ἱππόθοός
370 2907 417 2936 τε,
448 2894 582 2925 Πύλαιός
612 2895 640 2925 τ’
668 2893 736 2932 ὄζος
756 2894 876 2933 ”Αρηυς.

979 1899 993 1914 ⁰
1018 1895 1122 1936 Pyrus
1144 1899 1174 1926 et
1196 1895 1346 1935 Acamas]
1373 1895 1484 1935 Piros,
1508 1895 1636 1935 Πείρως,

937 1949 1062 1975 vocant
1079 1945 1220 1975 Homer·
1234 1950 1268 1975 et
1285 1945 1420 1985 Dictys.

978 1998 994 2019 Ρ
1017 1994 1068 2025 De
1094 1995 1267 2035 AEthiopia,
1283 1995 1398 2026 Perses
1419 1999 1448 2026 et
1470 1996 1634 2037 Illemuon]

934 2045 989 2075 De
1005 2045 1066 2076 hoc
1083 2045 1189 2076 Perse
1204 2045 1287 2076 nihil
1304 2045 1395 2085 apud
1420 2045 1501 2076 alios
1518 2052 1636 2077 aucto-

936 2103 988 2124 res
1005 2094 1131 2125 inveni.

976 2149 991 2170 ²³
1016 2144 1135 2175 Rhesus
1150 2148 1180 2176 et
1197 2145 1417 2186 Archilochus]
1458 2145 1564 2176 Dares
1580 2145 1635 2176 hic

935 2193 1174 2225 Archilochum
1202 2205 1276 2225 cum
1309 2195 1419 2225 Rheso
1448 2195 1636 2236 conjungit,

932 2254 1030 2284 quem
1049 2244 1191 2275 Homer.
1204 2254 1279 2275 cum
1294 2244 1400 2275 AEnea
1413 2244 1551 2281 socium,
1564 2245 1634 2276 An-

933 2294 1125 2334 tenorisque
1142 2293 1245 2324 filium
1260 2293 1355 2324 facit.

973 2348 986 2364 Γ
1007 2344 1059 2375 De
1075 2344 1234 2384 Adrestia‚
1252 2345 1407 2376 Adrastus
1420 2348 1450 2376 et
1463 2345 1634 2386 Amphius]

932 2394 996 2425 Sed
1021 2404 1123 2435 supra
1141 2395 1364 2435 Amphionem
1389 2400 1424 2426 et
1446 2395 1632 2428 Adrastum

931 2444 1143 2482 memoravit,
1161 2454 1236 2475 cum
1254 2445 1427 2483 Pandaro,
1443 2455 1484 2476 ex
1502 2446 1610 2476 Zelia.

973 2500 984 2514 Β
1007 2495 1058 2525 De
1072 2494 1229 2533 Ammaia,
1245 2494 1464 2535 Epistrophus]
1489 2496 1572 2527 Cum
1584 2495 1633 2526 0-

932 2544 1002 2575 dio.
1026 2544 1168 2575 Homer.
1185 2544 1315 2584 Dictys.

975 2596 984 2614 ¹
1008 2594 1074 2625 His
1098 2593 1293 2633 ductoribus]
1333 2592 1445 2624 Asium
1470 2595 1630 2635 Hyrtaci—

928 2644 1005 2675 dem
1024 2644 1193 2684 praeterit,
1209 2650 1245 2675 et
1268 2644 1509 2684 Pyrechmem,
1526 2645 1631 2676 Chro-

929 2696 1010 2734 min,
1038 2699 1073 2725 et
1096 2695 1296 2732 Ennomon3
1330 2704 1412 2735 quos
1440 2694 1516 2725 vide
1539 2695 1630 2736 apud

930 2745 1071 2784 Dictyn,
1089 2753 1131 2774 ex
1148 2744 1311 2774 Homero.

974 2799 986 2814 ¹¹
1015 2795 1065 2824 Ex
1084 2794 1209 2834 Cor-mo]
1246 2793 1371 2832 Cormi,
1398 2794 1486 2835 quod
1513 2794 1630 2835 sciam,

930 2853 1029 2875 nemo
1044 2843 1205 2875 meminit.
