1915 3231
276 285 363 328 246
748 299 957 330 mcrvos
991 300 1262 332 cnnrmvffls

278 391 418 432 aedem
442 390 666 433 Minervae.
725 392 805 446 [7.]
838 393 1017 435 Interim
1037 395 1315 447 cognoscitur
1336 396 1379 436 in
1409 398 1630 449 apparatu
1658 408 1723 436 re-

277 471 372 498 rum
392 458 632 499 divinarum
655 465 903 513 portentum
925 461 1077 514 ingens
1095 475 1105 503 ε
1127 475 1313 515 namque
1330 462 1417 503 aris
1438 462 1724 516 compositam

276 538 496 566 sacrorum
518 530 727 567 consueta
759 541 862 567 mox
890 527 1118 581 subjectus
1147 529 1259 581 ignis
1281 542 1368 570 non
1389 529 1726 584 comprehende-

276 604 339 640 re,
368 604 510 645 neque
533 600 830 643 consumere,¹¹
863 596 925 635 uti
949 599 1093 645 antea,
1122 596 1202 636 sed
1223 597 1463 650 aspernari.
1523 595 1628 647 Qua
1651 599 1724 636 re²

276 659 441 700 turbati
459 660 713 713 populares,
729 662 857 703 simul
880 665 944 704 uti
966 663 1096 704 fidem
1116 664 1254 705 nuntii
1272 666 1511 716 noscerent,
1525 663 1580 704 ad
1602 675 1724 705 aram

276 724 501 778 Apollinis
530 727 771 778 confluunt,
794 735 926 783 atque
954 730 1016 770 ibi
1041 730 1332 784 superpositis
1360 735 1567 772 extorum
1587 729 1726 783 parti-

274 793 374 841 bus,
397 793 469 833 ubi
489 794 666 835 flamma
692 795 873 837 admota
905 802 990 846 est,
1017 801 1193 851 repente
1228 801 1384 839 cuncta
1417 811 1517 852 quae
1548 798 1725 838 inerant

275 857 534 910 disturbata,
555 861 611 902 ad
633 867 789 903 terram
818 863 1055 905 decidunt:
1103 878 1192 918 quo
1222 865 1480 918 spectaculo
1507 864 1723 918 perculsis

275 930 409 978 atque
431 928 628 969 attonitis
651 931 852 970 omnibus
873 931 1018 972 subito
1039 932 1135 973 avis
1156 933 1336 985 aquila⁰
1360 931 1544 973 stridore
1564 943 1722 984 magno

273 992 470 1033 immittit
500 1007 611 1044 sese,
646 1000 782 1050 atque
815 1001 1014 1038 extorum
1045 1003 1217 1052 partem
1245 999 1390 1053 eripit,
1416 1011 1613 1052 moxque
1646 1010 1722 1038 su-

272 1059 517 1110 pervolans,
539 1062 595 1102 ad
617 1074 755 1103 naves
775 1062 1031 1105 Graecorum
1052 1066 1207 1118 pergit,
1229 1066 1380 1119 ibique
1401 1068 1572 1118 raptum
1593 1064 1723 1105 omit-

272 1125 341 1164 tit.
402 1125 456 1166 Id
489 1140 593 1168 vero
625 1129 802 1170 barbari
833 1143 918 1171 non
943 1130 1038 1184 jam
1071 1131 1171 1172 leve
1203 1135 1279 1172 aut
1305 1131 1351 1172 in
1386 1131 1615 1181 obscuro,p
1642 1130 1720 1172 sed

929 1270 1070 1302 NOTAE

313 1345 335 1361 ¹¹²
365 1340 442 1373 Aris
466 1343 646 1385 composita]
682 1344 881 1384 Eleganter,
907 1355 969 1386 pro

269 1389 440 1431 imposita,
481 1394 651 1433 ordinata,
688 1395 868 1434 collocata,
903 1397 969 1426 &c-

268 1441 325 1472 Sic
341 1442 461 1482 Virgil.
478 1443 519 1474 de
536 1444 684 1484 Didone,
701 1454 774 1485 quae
790 1455 827 1476 se
844 1450 852 1463 ¹
868 1454 971 1476 aurea

270 1495 462 1535 composuit
479 1495 634 1536 sponda?

310 1549 325 1565 ¹¹
350 1546 424 1577 Non
452 1547 715 1587 comprehendere,
737 1557 834 1587 neque
861 1556 967 1578 consu-

269 1595 366 1636 mere]
391 1597 478 1628 Nam
492 1607 567 1628 cum
584 1597 670 1637 ignis
687 1597 891 1628 sacrificium
908 1597 966 1628 ab·

268 1646 437 1685 sumebat,
460 1645 607 1677 faustum
634 1652 730 1685 erat3
770 1651 805 1678 et
832 1651 963 1683 contra,

268 1693 453 1725 infaustum
489 1700 524 1726 et
561 1695 681 1728 dirum.
726 1696 782 1727 Sic
820 1695 852 1726 in
883 1697 961 1727 Vet.

268 1743 476 1776 Testament.
500 1745 818 1785 Pseudoprophetas
837 1757 855 1777 a
879 1756 962 1777 vero

268 1803 329 1824 suo
359 1795 537 1826 sacerdote
568 1796 712 1826 secernit
744 1796 838 1826 Deus
875 1796 960 1836 Opt.

268 1844 409 1875 Maxim.
426 1845 513 1885 quod
538 1846 648 1885 ignem
673 1846 776 1885 misit,
792 1847 845 1886 qui
868 1856 963 1877 vora—

268 1895 316 1925 vit
346 1895 577 1926 holocaustum
612 1895 799 1927 sacerdotis
829 1897 890 1935 sui,
928 1903 964 1927 et

267 1944 358 1984 ligna
373 1951 408 1976 et
433 1946 572 1985 lapides,
588 1947 759 1985 pulverem
782 1956 913 1987 quoque
929 1951 964 1977 et

268 2005 401 2035 aquam,
438 2006 513 2036 quae
552 2001 627 2027 erat
667 1997 702 2027 in
739 1996 965 2037 aquoednctu3

267 2045 583 2084 pseudoprophetas
619 2050 730 2076 autem
765 2055 824 2085 per
853 2046 964 2085 ignem

267 2103 333 2124 non
350 2095 536 2126 exaudivit,
565 2095 685 2126 Totam
700 2095 869 2126 historiam
886 2102 964 2136 pete

268 2154 286 2175 e
303 2144 391 2175 libro
406 2145 508 2176 tertio
526 2145 608 2186 Reg.
623 2155 697 2186 cap.
715 2148 765 2177 18.

310 2200 324 2214 ⁰
346 2195 424 2226 Avis
451 2196 570 2237 aquila]
611 2196 742 2236 Nempe
772 2196 881 2238 aquila
911 2201 963 2228 est

268 2245 488 2286 adJectivum.
511 2245 597 2276 Tota
613 2250 724 2277 autem
736 2246 808 2279 haec
824 2247 962 2277 historia

269 2295 312 2326 de
335 2295 459 2336 aquila,
474 2305 550 2337 quae
573 2300 727 2327 extorum
753 2300 883 2336 partem
911 2306 963 2327 ra-

266 2345 353 2386 puit,
373 2355 513 2386 eamque
530 2345 564 2376 in
582 2355 683 2377 naves
700 2346 898 2378 Graecorum
914 2346 964 2377 di-

267 2395 371 2434 misit,
383 2405 426 2427 ex
447 2396 546 2427 Hom.
562 2396 603 2428 11.
619 2399 664 2427 M.
682 2395 884 2427 adumbrata
897 2401 963 2428 est.

265 2446 347 2486 Ejus
358 2446 467 2477 locum
480 2446 647 2487 integrum
658 2455 844 2487 apponam:
858 2446 965 2487 Ὄρνις

265 2494 327 2535 ’γάρ
343 2501 419 2535 σφιν
439 2495 553 2532 ἐπῆλθε
574 2494 777 2535 περησέμεναι
796 2494 964 2535 μεμαῶσιν,

266 2543 374 2577 Ais-ros
389 2544 548 2585 ὑψιπέτης,
569 2546 617 2576 ἐπ’
638 2545 783 2586 ἀριστερὰ
800 2546 880 2577 λαὸν
900 2545 962 2586 ἐέρ-

265 2606 343 2634 γων,
355 2594 523 2632 Φωνήεντα
536 2594 685 2635 δράκοντα
700 2594 801 2635 φέρων
814 2594 964 2635 ὀνύχεσσι

265 2644 416 2686 πέλωρον,
433 2644 525 2682 Ζωὸν,
542 2644 585 2676 ἔτ’
599 2645 800 2684 ἀσπαίροντα·
817 2645 867 2676 καὶ
882 2645 965 2676 οὔπω

265 2695 379 2732 λήθετο
401 2695 534 2735 χάρμης·
556 2694 641 2735 Κόψε
661 2695 722 2735 γὰρ
743 2695 837 2727 αὐτὸν
851 2695 967 2735 ἔχοντα

266 2745 346 2776 κατὰ
360 2746 474 2782 στῆθος
486 2744 567 2785 παρὰ
577 2745 688 2784 δειρὴν,
696 2745 842 2777 ’ἰδνωθεὶς
855 2745 965 2777 ὀπίσω·

266 2796 282 2824 ὁ
304 2795 330 2825 δ’
347 2794 406 2826 ἀπὸ
421 2793 488 2826 ἕθεν
505 2793 561 2832 ἧκε
575 2794 708 2835 χαμᾶζε,
722 2795 881 2834 Ἀλγήσας
896 2795 965 2826 ὀδύ-

268 2855 348 2885 νῃσι,
370 2842 454 2885 μέσῳ
475 2845 500 2876 δ’
526 2844 569 2877 ἐνὶ
592 2843 729 2880 κάββαλ’
744 2845 851 2885 ὁμίλῳ·
867 2845 965 2878 Αὐτὸς

1022 1344 1056 1376 δὲ
1098 1343 1236 1384 κλάγξας
1276 1344 1391 1376 πέτετο
1425 1342 1549 1385 πνοιῇο)
1584 1341 1721 1383 ἀνέμοιο.

1022 1398 1031 1414 ‘
1046 1396 1129 1427 Avis
1146 1397 1233 1426 enim
1257 1395 1337 1435 ipsis
1358 1393 1546 1436 (Trojanis)
1561 1387 1721 1434 superve-

1023 1446 1073 1476 nit
1090 1446 1232 1477 transire
1248 1444 1451 1482 volentibus,
1465 1443 1587 1485 Aquita
1599 1444 1722 1476 altivo-

1024 1497 1110 1535 lans,
1127 1496 1167 1526 ad
1184 1495 1351 1526 sinistram
1369 1493 1530 1535 populum
1546 1492 1720 1530 coercens,

1024 1546 1247 1578 Cruentatum
1272 1550 1466 1585 serpentem
1493 1548 1627 1585 gestans
1652 1553 1715 1575 un-

1022 1597 1157 1637 guitum,
1194 1597 1386 1635 immanem,
1429 1595 1565 1629 Vivum,
1608 1594 1718 1625 adhuc

1021 1648 1259 1688 palpitantem,
1272 1646 1328 1688 qui
1341 1645 1488 1677 nondum
1502 1645 1626 1676 oblitus
1641 1649 1718 1676 erat

1018 1708 1139 1738 pugnae
1153 1709 1161 1737 ;
1179 1697 1354 1729 Percussit
1373 1697 1462 1727 enim
1478 1695 1585 1736 ipsam
1601 1701 1718 1726 tenen-

1016 1752 1084 1779 tem
1101 1748 1142 1779 ad
1162 1752 1282 1787 peetus
1303 1747 1393 1778 circa
1407 1745 1542 1784 collum,
1557 1743 1718 1776 Reflexus

1018 1804 1130 1829 retro:
1157 1799 1212 1828 illa
1229 1802 1341 1828 autem
1367 1806 1387 1827 a
1408 1805 1444 1827 se
1459 1795 1583 1826 dimisit
1599 1795 1632 1826 in
1650 1800 1718 1826 ter-

1019 1858 1101 1884 ram,
1127 1848 1252 1878 Dolens
1279 1846 1467 1885 doloribus,
1493 1845 1638 1876 medium
1659 1855 1717 1876 au-

1019 1902 1086 1928 tem
1104 1898 1231 1938 dejecit
1250 1897 1281 1928 in
1307 1901 1443 1931 caetum,
1460 1896 1608 1936 Ipsaque
1624 1895 1717 1926 clan-

1018 1957 1101 1988 gens
1128 1948 1277 1986 avolavit
1301 1946 1437 1978 flatibus
1454 1945 1570 1976 venti.'
1614 1944 1716 1978 Quod

1021 2002 1214 2037 portentum
1252 1996 1459 2037 Polydamas
1506 1994 1632 2026 ibidem
1669 1995 1717 2026 ita

1021 2049 1266 2087 interpretatur
1281 2057 1288 2077 ε
1322 2048 1331 2063 ‘
1347 2051 1383 2077 ut
1400 2046 1511 2087 aquila
1527 2056 1628 2076 unum
1645 2055 1716 2076 ser-

1019 2102 1157 2137 pentem
1182 2097 1321 2136 dimisit,
1340 2101 1520 2137 antequam
1541 2096 1583 2126 ad
1600 2095 1715 2126 nidum

1017 2157 1114 2178 suum
1140 2151 1385 2185 reverteretur,
1409 2155 1520 2186 neque
1542 2155 1617 2176 eum
1641 2155 1717 2186 por-

1016 2203 1088 2228 tare
1105 2197 1218 2238 potuit
1233 2207 1345 2228 escam
1366 2197 1466 2237 pullis
1482 2197 1564 2235 suis,
1588 2197 1634 2228 sic
1655 2206 1715 2228 nos

1013 2248 1165 2288 Trojaui,
1177 2248 1277 2278 etiam
1291 2247 1317 2278 si
1334 2251 1448 2287 portas
1462 2251 1497 2277 et
1508 2256 1639 2278 murum
1650 2246 1717 2278 Ar-

1017 2299 1188 2331 chivorum
1214 2298 1404 2338 ruperimus
1431 2298 1553 2329 robore
1581 2307 1716 2338 magno,

1017 2349 1251 2388 cesserintque
1268 2347 1401 2382 Achivi,
1416 2356 1481 2378 non
1504 2351 1619 2378 tamen
1635 2357 1713 2378 cum

1017 2399 1114 2430 laude
1138 2408 1157 2429 a
1182 2397 1323 2428 navibus
1348 2400 1558 2427 revertemur
1578 2396 1714 2427 easdem

1018 2450 1089 2480 vias
1107 2459 1115 2486 ;
1132 2448 1255 2479 multos
1269 2446 1358 2477 enim
1370 2445 1598 2486 Trojanorum
1611 2446 1714 2477 relin-

1017 2507 1171 2540 quemus,
1191 2506 1274 2537 quos
1297 2495 1418 2526 Achivi
1440 2494 1532 2526 ferro
1552 2495 1715 2527 interfici-

1017 2552 1086 2584 ent,
1102 2550 1353 2587 propugnantes
1366 2549 1446 2576 ante
1458 2544 1583 2576 naves!
1619 2546 1714 2579 Qua·

1017 2607 1054 2629 re
1080 2597 1202 2637 Dictys
1226 2594 1339 2626 addit:
1363 2595 1373 2611 ‘
1388 2593 1428 2625 Id
1450 2603 1531 2626 vero
1558 2593 1712 2626 barbarie

1016 2656 1082 2679 non
1097 2647 1168 2687 jam
1185 2646 1259 2676 leve
1276 2648 1335 2675 aut
1351 2643 1383 2674 in
1405 2643 1565 2684 obscuro,
1579 2644 1639 2676 sed
1657 2654 1714 2686 pa-

1015 2698 1083 2729 lam
1100 2695 1324 2737 perniciosum
1338 2693 1503 2734 credere,'
1517 2696 1583 2726 &c-

1059 2750 1076 2772 Ρ
1099 2746 1174 2776 Non
1178 2745 1246 2784 jum
1262 2745 1326 2775 leve
1339 2747 1395 2775 aut
1415 2743 1449 2774 in
1470 2743 1612 2784 obscuro]
1644 2744 1712 2776 Re-

1016 2799 1095 2837 pete
1124 2805 1143 2826 a
1166 2793 1346 2829 communi,
1370 2792 1554 2825 ‘credere’
1597 2794 1711 2826 Series

1016 2849 1089 2877 est:
1113 2845 1122 2862 ‘
1137 2843 1273 2876 barbari
1296 2852 1377 2874 vero
1400 2852 1465 2875 non
1482 2843 1555 2884 jam
1578 2843 1612 2875 in
1637 2844 1711 2876 leve
