1915 3231
664 336 822 368 SCENA
856 336 1053 366 Timum.
1523 331 1580 370 (ῖς)

619 490 703 533 IV.
763 490 1100 534 MACHAON.

665 591 765 631 Lm.
787 602 818 631 1.
849 590 970 632 CAP.
994 592 1064 633 14.

187 688 200 705 ‘
219 685 470 728 Podalirius
492 691 535 728 et
557 687 795 739 Machaon,
817 690 1089 737 Triccenses,
1104 688 1367 743 AEsculapio
1389 687 1538 742 geniti,

274 754 408 794 acciti
428 753 484 794 ad
506 754 550 794 id
573 755 748 805 bellum,
770 757 826 796 ob
849 757 1069 798 solertiam
1101 756 1293 798 Medicae
1317 755 1453 796 artis.'

196 839 470 892 ΜΑοΗΑοΝ,
492 843 740 896 AEsculapii
770 844 887 885 filius
919 843 1136 897 fraterque
1156 844 1401 894 Podalirii3
1432 843 1477 883 in
1500 844 1590 884 arte

138 906 310 948 medica
331 908 445 950 adeo
476 909 632 957 clarus,
654 914 701 952 ut
731 911 827 964 ejus
846 924 1007 951 nomen
1041 910 1197 952 Poetae
1230 910 1491 964 simpliciter
1513 922 1590 963 po-

140 979 245 1015 nant
267 987 348 1028 pro
368 975 559 1018 medico.
620 976 695 1017 Sic
715 978 871 1018 etenim
898 977 1087 1019 Martial.
1108 989 1160 1017 ιι.
1180 978 1249 1019 16.
1272 979 1313 1019 5.

255 1040 376 1092 Quid
396 1044 476 1084 tibi
498 1057 598 1086 cum
620 1044 823 1086 medico?
855 1045 1024 1086 dimitte
1042 1044 1317 1086 Machaonas
1337 1057 1503 1085 omnes.

198 1109 304 1150 Non
326 1111 465 1151 solum
497 1125 595 1153 cum
624 1112 805 1166 reliquis
827 1112 1018 1154 Graeciae
1053 1113 1335 1166 principibus
1354 1112 1590 1166 Trojanam

142 1182 340 1235 suscepit
361 1183 712 1236 expeditionem3
736 1197 888 1225 verum
911 1185 1126 1238 Virgilius
1148 1198 1245 1225 eum
1268 1188 1464 1225 numerat
1485 1186 1593 1226 inter

143 1261 237 1297 eos,
261 1250 336 1302 qui
358 1262 472 1303 equo
494 1251 646 1292 votivo
667 1252 842 1300 inclusi,
862 1252 1010 1305 Trojae
1033 1257 1181 1305 portas
1205 1252 1298 1292 suis
1320 1261 1593 1292 reserarunt:

146 1325 318 1369 nempe,
341 1326 393 1357 11.
417 1317 517 1357 AEn.
539 1318 639 1359 263.

545 1394 653 1435 Illos
684 1395 936 1448 patefactus
958 1395 1012 1434 ad
1035 1408 1168 1435 auras

259 1459 426 1502 Reddit
446 1473 597 1514 equuS‚
618 1462 801 1515 laetique
823 1475 936 1503 cavo
959 1475 1005 1502 se
1020 1463 1178 1502 robore
1201 1466 1407 1515 promunt

261 1526 518 1577 'ris-andrus,
540 1528 856 1581 Sthenelusque
878 1529 1014 1570 duces
1034 1533 1077 1569 et
1097 1528 1216 1568 dirus
1239 1527 1443 1580 Ulysses‚

262 1594 515 1635 Demissum
535 1595 654 1647 lapsi
676 1608 753 1649 per
773 1595 942 1636 funem:
975 1594 1296 1647 Athamasque,
1317 1594 1568 1648 Thoasque,

260 1660 527 1714 Pelidesque
550 1661 896 1714 Neoptolemus,
917 1662 1169 1715 primusque
1189 1659 1427 1702 Machaon.

202 1747 401 1788 Tandem
443 1747 622 1788 occisus
664 1754 734 1789 est
773 1748 830 1789 ab
873 1748 1117 1802 Eurypylo,
1149 1747 1341 1801 Telephi
1370 1747 1477 1788 filio.
1538 1747 1597 1798 Q.

145 1814 401 1868 Smyrnaeus
421 1815 520 1871 (qui
543 1814 731 1856 Calaber
761 1816 909 1868 vulgo.
930 1815 1031 1856 vide
1053 1815 1283 1864 vossium,
1298 1814 1433 1856 Po'et.
1450 1814 1599 1856 Graec.

147 1882 211 1932 9.)
253 1885 382 1923 sexto
423 1882 572 1935 operis
610 1882 737 1922 libro.
798 1882 1011 1935 Sepultus
1053 1886 1197 1922 autem
1240 1881 1460 1931 Gereniae,
1500 1894 1601 1935 quae

150 1948 363 1990 Laconiae
395 1949 627 2002 oppidum,
649 1948 703 1990 ad
735 1948 865 2002 cujus
904 1949 1137 1998 tumulum,
1157 1950 1200 1989 in
1230 1949 1462 2002 magnifico
1497 1953 1602 1989 tem·

147 2015 241 2069 plo,
262 2016 477 2056 variorum
508 2016 757 2056 morborum
787 2020 1032 2068 poscuntur
1062 2016 1271 2057 remedia.
1332 2016 1423 2056 Ubi
1445 2022 1488 2057 et
1506 2016 1602 2069 ejus

148 2082 430 2124 simulacrum
449 2095 508 2124 ex
529 2095 633 2133 aere‚
653 2088 928 2125 coronatum.
988 2083 1186 2125 Pausan.
1207 2083 1254 2123 in
1277 2082 1474 2124 Messen.
1491 2083 1561 2123 26.

601 2234 660 2276 V.
708 2234 882 2276 AJAX
914 2234 1159 2276 OlLEUS.

676 2324 781 2366 Lrss.
807 2336 838 2366 ι.
870 2323 990 2365 CAP.
1011 2325 1079 2365 14.

549 2414 563 2433 ‘
585 2411 708 2467 Ajax
732 2411 867 2461 Oilei,
903 2424 963 2453 ex
985 2410 1201 2453 Locride.'

206 2498 368 2549 AJAx,
407 2498 524 2541 Oilei
563 2499 699 2548 filius,
737 2499 847 2540 inter
885 2499 1147 2541 Graecorum
1188 2498 1327 2538 duces
1357 2498 1604 2551 praesertim

154 2571 300 2617 notus,
337 2570 518 2620 propter
553 2565 869 2614 Cassandram,
908 2565 1121 2618 virginem
1161 2568 1202 2605 et
1236 2570 1402 2614 vatem,
1443 2565 1606 2605 Priami

150 2634 304 2683 filiam,
325 2635 372 2674 in
402 2633 500 2675 aede
522 2632 739 2674 Minervae
772 2634 828 2673 ab
859 2645 911 2673 eo
935 2645 1251 2685 compressam.
1281 2630 1406 2684 Virg.
1434 2642 1483 2671 ιι.
1504 2633 1605 2672 AEn.

152 2702 252 2743 403.
284 2701 343 2752 Q.
364 2701 633 2756 Smyrnaeus,
657 2710 771 2740 xm.
791 2699 1144 2753 Tryphiodorus,
1164 2700 1245 2739 Sec.

211 2768 358 2820 Quam
380 2769 438 2809 ob
459 2780 658 2817 causam,
680 2780 779 2808 cum
802 2767 959 2808 ceteris
981 2766 1156 2807 Graecis
1177 2764 1354 2805 domum
1385 2770 1606 2819 repetens,

154 2835 196 2876 in
215 2835 315 2889 ipso
337 2835 445 2876 mari
465 2834 646 2875 fulmine
667 2847 899 2888 percussus
921 2838 987 2874 cst
1024 2833 1248 2874 Minervae.
1311 2831 1445 2873 Hom.
1467 2832 1553 2875 Od.
1575 2835 1607 2873 δ,
