1915 3231
575 265 637 294 DE
672 265 828 295 senno
860 264 1090 296 TROJANO
1124 266 1220 296 mn.
1254 269 1319 298 iv.
1575 261 1659 303 2:21

212 355 380 410 Ajace⁹
396 356 545 407 altem,
560 356 798 411 Antiphus,
812 357 1013 411 Agavus,
1030 357 1253 411 Agathou,
1268 363 1397 413 atque
1414 361 1662 405 Glaucus:0

211 429 258 465 et
278 423 336 464 ab
351 421 528 464 Achille
552 422 872 477 Asteropaeus.p
912 424 1075 478 Neque
1097 425 1219 478 prius
1240 425 1340 466 finis
1353 426 1514 473 factus,
1529 442 1662 482 quam

211 489 396 531 Graecos
418 490 572 538 saties,
591 495 602 513 ¹
627 494 671 531 et
686 490 740 530 ad
753 493 1018 543 postremum
1036 490 1235 543 fatigatio
1256 492 1457 532 incessit.
1500 495 1580 547 [8.]
1602 494 1664 536 At

211 556 287 597 ubi
317 569 346 597 a
375 557 539 597 nostris
571 557 616 596 in
652 560 798 598 castra
835 569 1057 598 recessum
1086 561 1166 607 est,
1199 558 1327 600 missi
1358 559 1415 600 ab
1437 559 1663 613 Trojanis,

211 623 285 676 qui
318 626 514 676 peterent
547 636 699 663 eorum
731 624 806 677 qui
837 623 883 663 in
917 623 1037 664 bello
1069 624 1322 666 ceciderant
1355 624 1566 667 humandi
1589 640 1664 668 ve-

210 689 328 730 niam
346 694 386 730 :‘¹
416 689 503 730 ita²
535 688 747 730 collectos
779 701 883 729 suos
915 689 1104 743 quisque
1137 690 1228 744 igni
1252 696 1462 742 cremant,
1481 697 1524 734 et
1543 706 1665 734 more

210 755 355 808 patrio
388 755 631 809 sepeliunt3
663 767 858 796 seorsum
894 757 951 797 ab
985 756 1145 797 ceteris
1176 761 1369 800 cremato
1400 758 1664 802 Memnone:

211 821 342 875 cujus
364 822 589 876 reliquias,
610 835 717 863 urna
739 822 959 872 conditas,
980 836 1058 876 per
1076 825 1355 865 necessarios
1376 825 1491 878 regis
1504 830 1518 847 ¹’
1536 827 1666 867 remi-

210 899 305 928 sere
337 888 379 929 in
414 890 600 942 patrium
634 889 809 930 solum.⁵
866 886 931 929 At
963 887 1115 931 Graeci
1145 890 1316 931 lautum
1341 892 1454 933 bene
1475 892 1666 934 cadaver

211 953 449 1005 Antilochi,
473 956 608 1010 justis
648 954 794 1004 factis,
838 954 1017 996 Nestori
1055 957 1261 1000 tradunt:
1293 972 1484 1013 eumque
1521 965 1663 1009 orant,

212 1022 359 1064 animo
383 1034 516 1076 aequo
537 1023 693 1064 serret³
717 1022 901 1063 fortunae
924 1022 1120 1077 bellique
1141 1024 1341 1067 adversa.
1390 1026 1462 1068 Ita
1481 1026 1538 1068 ad
1557 1039 1663 1081 pos-

823 1141 1057 1155 ΟΙΜΝΝΝΟ

212 1219 312 1255 putat
323 1215 527 1254 Gorgitltz‘on,
536 1215 744 1256 Corythonem
753 1226 916 1258 nusquam
928 1217 1179 1249 inveniens.——9
1191 1217 1373 1257 PostAjace
1384 1217 1525 1250 exhibet
1538 1218 1664 1260 Delph.

213 1267 329 1289 vocem
345 1260 489 1290 term—l
514 1258 828 1299 De1p11.satias.—2
853 1260 1036 1292 Omittitur
1053 1261 1171 1292 vocula
1196 1261 1242 1292 ita
1268 1261 1301 1292 in
1326 1261 1517 1302 Delph.-3
1540 1261 1665 1303 Delph.

875 1367 1016 1399 NOTAE

211 1442 320 1470 esten.
375 1438 445 1471 Pro
475 1438 701 1471 ‘Thelestes’
731 1439 911 1479 legendnm
966 1439 1067 1471 cendi
1083 1439 1215 1479 grafia?
1238 1440 1375 1471 Mercer.
1416 1439 1483 1471 Sed
1506 1440 1665 1480 quoniam

215 1489 409 1528 ‘Telestas,’
431 1498 474 1521 ex
490 1488 651 1529 Apollod.
664 1487 831 1521 Τελέστας.

254 1544 270 1560 ⁰
292 1539 462 1580 Antiphus,
476 1540 618 1580 Agavus,
637 1539 798 1580 Agathan,
820 1543 913 1580 atque

218 1589 372 1629 Glaucus]
401 1589 604 1630 Antiphani,
627 1590 855 1630 Agathonem,
877 1594 913 1621 et

211 1638 376 1671 Glaucum
392 1640 542 1671 nominat
555 1639 758 1680 Apollodor.
772 1639 828 1680 qui
841 1639 912 1670 An-

212 1690 344 1731 tiphum
362 1690 406 1722 ab
424 1690 678 1732 Agamemnone
694 1688 845 1721 occisum
862 1689 912 1720 di-

212 1739 274 1780 cit,
294 1744 330 1772 et
355 1741 458 1773 Hom.
502 1740 550 1772 At
566 1739 737 1781 Agavum,
759 1739 912 1780 Agatho-

211 1798 303 1829 nem‚
322 1794 358 1821 et
380 1790 546 1822 Glaucum
571 1799 733 1832 nusquam
750 1789 913 1822 interfec-

211 1843 265 1870 tos
281 1838 455 1872 describit.

256 1892 272 1913 Ρ
297 1888 343 1919 Et
368 1888 407 1919 ab
421 1888 545 1920 Achille
560 1887 776 1929 Asteropaeus]
811 1887 916 1920 Hunc

214 1936 349 1978 quidem
365 1937 407 1969 ab
420 1937 553 1969 Achille
569 1936 794 1968 interfectum
807 1936 916 1968 refert

213 1985 357 2017 Homer.
381 1986 454 2028 sed,
469 1991 565 2028 puto,
591 1992 667 2027 post
685 1990 826 2018 mortem
849 1986 917 2017 Pa-

213 2036 311 2067 trocli
327 2040 363 2068 et
379 2041 459 2069 ante
487 2036 618 2068 caedem
645 2036 820 2068 Hectoris.
865 2036 912 2068 Il-

211 2087 280 2118 lum
299 2086 385 2126 vide,
402 2087 502 2119 Iliad.
516 2091 551 2118 Φ.

255 2142 271 2164 ‘l
295 2137 414 2168 Eorum
428 2137 481 2177 qui
499 2137 534 2168 in
560 2136 637 2168 bello
657 2135 832 2168 ceciderant
858 2136 911 2167 hu-

211 2187 317 2218 mandi
331 2186 467 2228 veniam]
494 2185 629 2218 Dudum
644 2187 757 2217 monui
774 2187 913 2226 probam

212 2241 249 2268 et
278 2235 450 2277 antiquam
487 2245 564 2267 esse
601 2236 688 2267 hane
718 2235 914 2270 lectionem,

213 2296 315 2328 quem
330 2290 473 2328 uterque
495 2286 564 2318 Ms.
587 2285 756 2326 agnoscit.
799 2285 914 2325 Impe-

213 2336 271 2367 riti
298 2335 504 2367 addiderant
526 2339 535 2352 ‘
550 2344 691 2376 corpora
704 2333 727 2374 ;’
749 2344 791 2366 ne
818 2334 915 2365 soloe-

213 2385 353 2417 cismum
365 2389 569 2426 paterentur
579 2385 722 2417 scilicet.
737 2384 792 2416 Ita
801 2384 916 2415 Plaut.

213 2437 316 2477 Capt.
340 2435 570 2468 ‘Nominandi
594 2435 736 2466 istorum
759 2433 821 2465 tibi
837 2433 916 2473 erit,

214 2485 323 2526 magis
346 2494 445 2526 quam
470 2483 597 2516 edundi
613 2482 736 2525 copia!
781 2482 916 2522 Cicero,

215 2544 252 2567 v.
268 2535 420 2576 Philipp.
436 2533 626 2575 ‘Agrorum
642 2534 709 2565 suis
727 2532 917 2565 latronibus

215 2584 452 2617 eondonandi.'
493 2585 603 2616 Varro
631 2587 664 2616 2.
690 2584 732 2615 de
750 2585 801 2616 Re
818 2583 915 2616 Rust.

217 2634 320 2666 ‘Sive
343 2635 433 2667 enim
459 2635 594 2677 aliquod
620 2634 685 2666 fuit
711 2633 913 2675 principium

216 2686 399 2726 generandi
426 2687 640 2719 animalium?
683 2686 816 2719 Gellius
836 2694 914 2717 xvr.

218 2737 249 2767 8.
272 2736 281 2753 ‘
296 2736 428 2768 Fecisse
444 2737 581 2769 videtur
596 2746 674 2768 eum
698 2736 838 2776 librum,
865 2734 915 2766 sui

218 2786 322 2827 magis
351 2787 553 2820 admonendi
577 2798 677 2830 quam
701 2787 841 2820 aliorum
857 2786 915 2818 do-

965 1490 1063 1521 multi
1088 1490 1187 1530 hujus
1214 1490 1392 1521 locutionis
1409 1489 1550 1526 formam
1574 1490 1667 1530 igno-

966 1544 1098 1579 rarunt,
1118 1539 1193 1571 haec
1217 1549 1328 1580 pauca
1341 1539 1556 1580 subjicienda
1573 1546 1667 1579 sunt,

966 1597 1009 1619 ex
1027 1589 1183 1620 Minerva
1206 1589 1335 1620 Sanctii
1352 1589 1415 1620 viri
1431 1589 1616 1621 doctissimi
1633 1596 1668 1622 et

965 1638 1226 1678 diligentissimi.
1272 1639 1311 1670 In
1333 1638 1505 1680 adjectivo
1520 1640 1668 1679 nomine,

966 1688 1090 1728 inquit,
1113 1697 1174 1720 seu
1201 1688 1382 1730 participio
1408 1698 1543 1730 semper
1568 1690 1668 1722 deest

967 1738 1216 1770 substantivum
1237 1740 1246 1756 ‘
1261 1738 1459 1779 negotium:
1483 1745 1541 1770 aut
1557 1739 1667 1771 infini-

968 1794 1039 1819 tum
1056 1789 1167 1820 verbi.
1208 1789 1255 1820 Ut
1269 1790 1278 1806 ‘
1291 1789 1471 1830 legendum
1485 1789 1564 1831 est‚'
1588 1790 1667 1821 sub-

967 1837 1046 1869 audi
1063 1838 1072 1855 ‘
1084 1838 1283 1879 negotium,'
1302 1840 1354 1870 vel
1371 1843 1380 1857 ¹
1394 1839 1530 1880 legere!
1551 1841 1668 1871 ‘Tem-

969 1897 1031 1927 pus
1055 1892 1108 1919 est
1133 1887 1294 1929 legendi,'
1319 1888 1465 1920 subaudi
1490 1888 1501 1905 ‘
1517 1889 1669 1930 negotii,’

970 1937 1023 1968 vel
1061 1940 1071 1955 ⁸
1088 1937 1231 1979 legere)
1286 1938 1445 1980 Hispani,
1476 1938 1600 1980 Tiempo
1636 1949 1669 1971 es

971 1996 1040 2026 quoe
1062 1988 1154 2019 selea.
1198 1987 1255 2019 Sic
1280 1989 1290 2006 ⁸
1304 1992 1439 2028 tempus
1456 1993 1508 2019 est
1531 1989 1668 2029 legendi

965 2036 1150 2077 librorum‚'
1173 2041 1310 2078 regatur
1331 2048 1350 2069 a
1378 2038 1516 2079 ‘legere
1529 2038 1550 2077 ;’
1574 2039 1668 2080 quasi

967 2085 1059 2118 dicas
1071 2087 1081 2105 ‘
1093 2091 1226 2128 tempus
1239 2092 1292 2118 est
1307 2088 1464 2119 lectionis
1481 2088 1669 2120 librorum?

967 2135 1035 2167 Sed
1053 2136 1080 2167 si
1103 2136 1208 2173 dicas,
1235 2140 1244 2154 ‘
1257 2141 1390 2178 tempus
1407 2143 1461 2169 est
1476 2138 1611 2179 legendi
1628 2139 1668 2169 li-

966 2185 1068 2221 bros,’
1085 2185 1157 2226 jam
1182 2195 1247 2216 non
1275 2187 1496 2228 participium
1520 2192 1584 2228 est,
1606 2188 1667 2219 sed

969 2235 1111 2267 verbum
1127 2236 1352 2276 participiale.
1386 2236 1428 2268 In
1443 2238 1570 2269 ceteris
1587 2248 1668 2269 vero

969 2285 1137 2325 omnibus,
1151 2295 1217 2316 vox
1232 2287 1264 2317 in
1287 2287 1297 2303 ‘
1311 2286 1374 2317 dus
1384 2286 1393 2300 ’
1413 2296 1550 2327 semper
1564 2287 1669 2328 signi·

969 2335 1050 2367 ficat
1077 2337 1281 2377 passionem,
1307 2342 1344 2368 et
1369 2337 1589 2378 participium
1615 2343 1669 2369 est

970 2385 1192 2426 adjectivum.
1237 2386 1343 2418 Plura
1359 2386 1436 2418 vide
1453 2387 1544 2428 apud
1560 2387 1670 2427 illurn,

969 2444 1047 2476 pag.
1064 2438 1141 2466 228.

1012 2490 1024 2506 ¹
1039 2486 1105 2518 Per
1119 2485 1306 2518 necessarios
1315 2485 1416 2527 regis]
1431 2486 1544 2527 Ipsius
1560 2487 1670 2518 Mem-

969 2536 1081 2567 nonis.
1097 2536 1261 2576 AElianus,
1277 2545 1301 2567 r.
1315 2535 1533 2574 Animalium‚
1548 2536 1669 2568 scribit

968 2585 1134 2617 Auroram
1145 2586 1511 2626 corpusMemnonis,e
1524 2585 1668 2617 mortuis

969 2635 1130 2675 ablatum,
1147 2636 1179 2666 in
1198 2635 1344 2675 patriam
1361 2635 1464 2666 Susas
1481 2633 1644 2666 detulisse
1660 2646 1671 2674 ;

968 2685 1027 2717 ubi
1042 2685 1074 2717 ei
1091 2686 1237 2716 tumulus
1251 2690 1459 2717 exstructus.

1011 2741 1022 2756 Β
1046 2735 1086 2767 In
1109 2735 1246 2776 patrium
1266 2735 1378 2776 solum]
1410 2735 1451 2767 In
1466 2734 1599 2766 Troade
1618 2738 1668 2766 ta⁴

969 2795 1047 2818 men
1064 2785 1316 2819 monstrabatur
1330 2785 1404 2826 ejus
1420 2785 1625 2827 sepulcrum.
