1915 3231
471 325 534 355 DE
567 323 803 355 fflsromA
841 324 986 354 BELLI
1019 324 1254 355 rRosAm.
1524 315 1582 356 49

138 423 228 465 nisi
247 422 383 465 verba
403 426 556 464 essent
586 423 714 463 nimis
745 421 966 475 simplicia
995 425 1039 462 et
1066 426 1234 475 aperta,
1255 434 1308 463 ac
1334 422 1428 475 jam
1451 427 1582 464 antea

138 490 303 544 Dictyn
319 489 451 530 etiam
473 492 485 510 ‘
499 488 641 529 Vocis
663 487 927 529 Phoenicum
940 487 950 503 '
970 487 1164 528 dixisset
1192 490 1205 508 ‘
1222 487 1442 540 peritum,'
1461 489 1580 541 quod

136 569 223 597 non
246 556 335 596 alia
356 555 529 597 videtur
549 556 716 596 ratione
734 553 865 595 isthic
884 554 1152 607 expositum,
1178 566 1312 607 quam
1331 557 1380 595 ut
1398 554 1499 594 inde
1514 556 1580 595 in-

135 622 439 675 telligeremus,
469 634 559 662 non
598 624 763 661 tantum
810 619 962 668 literis,
1000 619 1079 660 sed
1120 623 1166 660 et
1194 631 1303 661 voce
1342 632 1396 660 ac
1434 619 1582 672 lingua

137 688 309 729 Punica
329 689 411 729 hoc
442 700 554 741 opus
581 700 609 728 a
641 687 803 740 Dictye
837 686 917 727 illo
946 686 1081 726 fuisse
1113 686 1347 739 scriptum,
1367 686 1482 727 unde
1510 688 1580 727 ‘in

138 753 347 796 Graecum
377 767 620 795 sermonem
651 754 869 795 transferri
884 754 895 769 '
943 754 1157 795 debuerit.
1218 754 1275 794 Et
1302 754 1449 795 forsan
1486 766 1581 794 cre-

136 821 336 863 diderunt
371 821 417 861 id
451 821 720 874 posteriores
761 820 909 861 Graeci
939 824 1062 861 tanto
1093 820 1283 870 facilius,
1303 821 1408 873 quia
1439 821 1580 874 stylus

139 887 292 929 Graeci
324 888 527 942 Dictyos,
555 893 689 941 prout
727 887 784 928 ad
822 887 925 929 illos
954 888 1169 941 pervenit,
1197 899 1285 928 non
1319 889 1579 941 praeferebat

136 958 295 996 tantam
312 955 632 1007 antiquitatem,
652 957 859 1008 quantam
876 954 1081 1008 jactabat
1101 958 1249 995 auctor
1270 953 1445 1008 Operis.

194 1032 368 1062 XXXn.
399 1021 581 1063 Frivola
611 1025 758 1063 autem
790 1025 892 1063 sunt
915 1034 1014 1075 quae
1036 1022 1238 1076 Septimii
1261 1021 1478 1075 Epistolae
1500 1036 1579 1076 op-

137 1089 260 1141 ponit
293 1088 543 1129 Mercerus.
599 1089 706 1130 Non
741 1088 893 1129 extitit
923 1089 967 1128 in
1002 1088 1102 1142 ejus
1134 1089 1389 1131 codicibus:
1420 1088 1481 1130 At
1512 1102 1579 1130 re-

138 1156 304 1209 peritur
323 1156 367 1196 in
388 1155 503 1206 aliis,
524 1160 568 1196 et
596 1156 640 1196 in
665 1155 720 1196 iis
752 1154 866 1195 unde
895 1167 1108 1208 expressa
1127 1159 1195 1196 est
1213 1156 1358 1210 prima
1384 1156 1578 1197 omnium

136 1221 300 1271 Editio,
324 1234 352 1262 a
370 1222 532 1275 quibus
552 1221 749 1263 vicissim
772 1225 874 1262 tunc
905 1222 1034 1262 abest
1062 1222 1136 1262 ille
1165 1221 1398 1275 Prologus.
1458 1223 1578 1264 Dein

137 1290 150 1309 ‘
168 1288 320 1329 seriem
334 1288 345 1303 '
375 1301 452 1329 seu
485 1301 648 1329 nexum
669 1288 849 1341 Prologi
870 1292 913 1329 et
934 1287 1091 1342 Operis
1112 1289 1257 1342 ipsius
1278 1291 1445 1332 ‘turbat
1462 1288 1486 1331 :’
1516 1289 1579 1331 At

138 1356 354 1408 Prologus
374 1356 446 1396 ille
466 1368 553 1396 non
572 1359 641 1396 est
661 1355 716 1395 ab
735 1359 909 1396 auctore
929 1356 1095 1409 operis,
1127 1356 1203 1397 sed
1235 1357 1291 1397 ab
1322 1356 1424 1406 alio,
1443 1360 1493 1397 ut
1517 1368 1578 1397 ex

136 1435 192 1463 eo
206 1422 304 1476 ipso
318 1422 471 1476 liquet,
494 1422 703 1463 incertum
724 1435 814 1476 quo
834 1426 878 1463 et
895 1423 1073 1475 quando
1094 1424 1381 1478 compositus,
1402 1426 1450 1464 ut
1464 1423 1576 1464 adeo

136 1489 258 1530 nulla
278 1489 349 1530 hic
373 1489 430 1530 sit
449 1490 635 1541 genuina
656 1491 804 1530 series.
863 1490 1003 1530 Porro
1040 1489 1120 1539 ‘Q.
1149 1489 1341 1531 Arcadio
1362 1491 1578 1543 inscripta

134 1556 180 1596 in
197 1555 418 1597 Ruffinum
439 1556 601 1597 desinit
614 1556 637 1597 ε’
669 1555 731 1597 At
747 1569 862 1597 unus
884 1556 1092 1609 idemque
1113 1556 1196 1598 fuit
1209 1557 1340 1598 homo
1362 1561 1374 1579 ‘
1389 1556 1447 1607 Q.
1462 1556 1577 1598 Ara-

134 1623 234 1664 dius
262 1621 371 1677 (non
392 1621 689 1674 ‘Arcadius’)
724 1622 940 1664 Rufinus.’
990 1624 1193 1676 Denique
1214 1627 1225 1646 ‘
1240 1623 1577 1676 Ephemeridem

132 1689 329 1730 nominat
357 1689 471 1730 huno
500 1690 656 1730 librum
687 1690 834 1730 minus
871 1689 1075 1744 proprie?
1133 1689 1196 1732 At
1228 1691 1306 1733 ille
1341 1690 1427 1732 fuit
1446 1704 1576 1733 verus

131 1756 245 1806 libri,
275 1769 351 1797 seu
372 1756 514 1809 ipsius
546 1755 692 1797 Graeci
728 1756 934 1811 Dictyos,
965 1757 1136 1808 titulus,
1162 1762 1209 1800 ut
1225 1771 1282 1799 ex
1314 1758 1452 1799 Suida
1472 1771 1575 1800 con-

133 1827 238 1873 stat,
269 1836 396 1877 quem
427 1824 544 1865 bona
572 1824 719 1877 itaque
747 1824 834 1865 fide
864 1826 1057 1866 servavit
1086 1825 1341 1879 Septimius.
1402 1825 1575 1867 Graecis

133 1894 278 1931 autem
309 1891 481 1945 ἐφημερὶς
508 1892 690 1933 notabat
711 1893 888 1945 proprie
909 1892 1090 1933 diurnos
1122 1893 1316 1935 historiae
1339 1892 1575 1934 Commen-

133 1958 284 2007 tarios,
304 1958 463 1999 deinde
483 1971 590 1999 vero
620 1958 751 1999 etiam
771 1971 937 2000 omnem
967 1959 1208 2010 historiam,
1229 1974 1329 2015 quae
1359 1965 1573 2015 perpetuo

132 2026 344 2079 temporis
365 2025 515 2067 ordine
536 2026 822 2079 progreditur,
845 2027 978 2078 unde,
1000 2032 1049 2068 ut
1070 2029 1243 2069 notavit
1257 2028 1350 2081 jam
1372 2029 1572 2082 ampliss.

133 2091 400 2142 Obrechtus,
421 2093 556 2133 etiam
579 2091 771 2134 Caesaris
793 2094 1132 2135 commentarios
1155 2093 1368 2149 ἐφημερίδας
1389 2096 1451 2136 illi
1478 2095 1578 2136 dix-

131 2162 266 2201 erunt.
314 2158 499 2200 Malelas
520 2162 663 2200 tamen
684 2158 834 2201 laudat
850 2160 1014 2214 Dictyn
1027 2160 1152 2202 titulo
1171 2162 1373 2216 ῥαψῳδιῶν,
1391 2161 1470 2202 sed
1485 2174 1573 2215 qua

130 2240 239 2269 voce
259 2227 539 2280 designantur
557 2226 730 2280 singula
751 2227 878 2281 hujus
897 2228 1043 2281 operis
1062 2229 1301 2270 volumina.
1362 2229 1434 2271 lta
1454 2232 1573 2270 certe

130 2307 232 2348 pag.
249 2294 348 2336 172.
410 2297 540 2334 Ταῦτα
561 2291 701 2341 Δίκτυς
721 2295 755 2333 ἓν
774 2297 821 2349 τῇ
851 2292 935 2349 ἕκτῃ
959 2296 1070 2335 αὐτοῦ
1090 2294 1259 2351 ῥαψῳδίᾳ
1279 2295 1429 2346 ἐξέθετο.
1488 2295 1532 2337 N
1537 2297 1573 2337 i-

129 2361 193 2402 hil
210 2373 311 2415 ergo
327 2361 371 2402 in
396 2361 484 2402 illis
506 2365 589 2411 est,
610 2375 698 2415 quo
719 2362 864 2403 minus
884 2363 1073 2416 genuina
1088 2363 1185 2405 haec
1205 2364 1419 2406 habeatur
1438 2368 1572 2405 etan·

129 2428 252 2482 tiqua
267 2429 410 2482 ipsius
435 2428 692 2482 Interpretis
723 2429 936 2482 Epistola.
998 2429 1132 2480 Quod
1154 2434 1198 2472 et
1222 2444 1319 2472 esse
1337 2444 1434 2473 eam
1456 2443 1570 2481 vere,

129 2495 259 2536 etiam
274 2496 375 2537 inde
391 2496 548 2550 liquet,
563 2496 679 2549 quod
693 2496 750 2537 ad
772 2499 784 2517 ‘
799 2495 856 2546 Q.
869 2495 1081 2538 Aradium
1102 2497 1311 2539 Rufinum
1324 2497 1334 2515 '
1350 2503 1417 2539 est
1430 2497 1570 2552 scrip-

130 2566 192 2612 ta,
209 2561 426 2604 hominem
446 2563 556 2604 satis
576 2576 658 2604 suo
679 2566 875 2617 tempore
894 2563 1121 2613 illustrem,
1133 2577 1222 2605 non
1241 2564 1304 2606 ita
1319 2569 1461 2606 tamen
1478 2566 1570 2607 cui-

129 2628 235 2671 libet
253 2629 381 2670 etiam
404 2633 506 2684 post
538 2643 619 2671 sua
638 2629 732 2671 fata
760 2635 927 2683 notum,
956 2635 1003 2673 ut
1036 2634 1254 2685 ‘nuperus
1275 2636 1321 2673 et
1339 2631 1569 2685 imperitus

132 2695 502 2738 Grammaticulus
520 2695 530 2714 '
563 2697 657 2751 ejus
688 2698 971 2750 potissimum
992 2699 1191 2741 videatur
1220 2702 1468 2753 arrepturus
1487 2712 1568 2742 no-

130 2774 228 2803 men
248 2763 304 2804 ad
324 2763 563 2818 epistolam
581 2765 712 2805 talem
729 2765 989 2818 fingendam.

188 2838 381 2869 xxxm.
412 2829 559 2883 Major
597 2843 701 2873 vero
733 2836 801 2872 est
833 2831 1067 2874 difficultas
1087 2832 1130 2873 in
1163 2832 1435 2888 ‘Septimio,'
1467 2833 1564 2889 ejus

219 2903 332 2944 Delph.
344 2908 374 2936 et
391 2905 467 2937 Var.
484 2907 568 2937 Clas.
804 2906 895 2939 Dice.
914 2908 999 2941 Cret.
1446 2912 1480 2944 D
