1915 3231
285 273 342 313 74
867 285 982 316 nuo.
1013 285 1161 315 smms

287 381 398 422 alter
427 381 551 423 silice
579 382 729 437 (quem
751 385 980 425 sumebant
1010 397 1068 425 ex
1090 384 1187 425 aede
1214 382 1345 424 Jovis
1367 382 1565 424 Feretrii.
1622 381 1728 424 Val.

287 448 474 489 Maxim.
495 460 568 489 111.
589 449 654 503 2.)
685 450 963 491 interimebat
983 450 1144 492 animal
1163 464 1174 502 ;
1205 450 1318 490 inter
1338 449 1429 490 alia
1458 454 1504 490 et
1532 449 1630 491 haec
1649 463 1729 491 ex-

286 514 481 555 clamans
504 528 513 556 :
545 518 558 537 ‘
577 516 778 569 Populus
800 516 1030 558 Romanus
1051 518 1170 570 prior
1187 529 1273 557 non
1296 515 1481 557 deficiet.
1541 516 1590 556 Si
1610 517 1730 569 prior

290 581 469 630 defecit,
491 583 672 635 publico
711 582 919 632 consilio,
960 582 1064 623 dolo
1096 583 1229 630 malo,
1247 586 1292 622 tu
1322 582 1400 622 illo
1423 582 1510 632 die,
1541 582 1732 636 Jupiter,

285 649 502 702 populum
542 648 789 689 Romanum
821 650 885 690 sic
915 649 1059 698 serito,
1096 654 1141 689 ut
1169 661 1251 701 ego
1287 648 1402 689 hunc
1441 661 1623 702 porcum
1659 649 1730 690 hic

286 715 415 755 hodie
437 716 617 766 feriam3
648 720 859 769 tantoque
893 716 1032 767 magis
1064 715 1207 764 ferito,
1240 717 1404 767 quanto
1430 715 1570 767 magis
1603 718 1731 768 potes

287 781 547 834 pollesque.'
605 782 703 822 Liv.
728 793 758 821 1.
779 781 851 822 24.
881 785 925 822 et
947 791 1020 820 lx.
1040 783 1079 820 5.
1140 780 1284 830 Quem
1306 784 1501 821 veterum
1524 780 1731 821 Foederis

286 848 471 889 feriendi
509 848 808 897 cerimoniam,
851 847 926 888 diu
964 847 1223 900 neglectam,
1255 848 1297 887 in
1337 860 1464 888 usum
1503 847 1732 889 revocavit

287 921 394 973 imp.
418 919 645 960 Claudius.
668 918 850 960 Sueton.
867 917 1023 960 Claud.
1039 919 1108 959 25.

346 986 448 1026 Hoc
466 998 570 1026 vero
591 985 702 1026 inter
724 984 925 1025 Feciales
948 989 1132 1038 peracto
1159 985 1396 1034 sacrificio,
1411 997 1486 1025 sus
1505 985 1578 1026 ille
1598 986 1668 1027 vel
1689 987 1732 1026 in

287 1065 406 1092 mare
438 1052 507 1092 vel
537 1052 644 1092 alibi
677 1051 993 1105 abjiciebatur:
1025 1052 1190 1104 quippe
1222 1052 1343 1092 vesci
1374 1051 1572 1101 victima,
1601 1065 1734 1105 super

289 1131 378 1171 qua
411 1118 719 1172 jusjurandum
751 1122 1030 1171 conceptum,
1068 1118 1273 1170 religiose
1308 1117 1504 1158 vetitum.
1563 1118 1735 1159 Pausa-

288 1185 402 1234 nias,
426 1184 566 1225 Eliac.
585 1185 718 1238 prior.
739 1186 808 1224 24.
829 1184 906 1225 ubi
924 1184 977 1224 de
998 1183 1323 1234 Agamemnone
1341 1197 1352 1234 ;
1384 1196 1442 1224 ex
1464 1183 1602 1224 Hom.
1625 1184 1678 1225 ΙΙ.
1697 1202 1734 1225 τ.

294 1250 517 1292 Videatur
538 1251 693 1292 Everh.
718 1250 931 1300 Feithius,
955 1249 1103 1302 Antiq.
1125 1249 1402 1290 Homericar.
1423 1260 1490 1289 lv.
1512 1251 1582 1292 17.

346 1318 566 1359 Nummus
592 1319 664 1359 hic
685 1317 896 1358 Antistiae
926 1317 1066 1370 gentis
1101 1321 1326 1370 spectatur
1359 1317 1468 1357 inter
1487 1316 1736 1359 Wildianos

291 1386 573 1427 Select.124.
609 1385 742 1426 Num.
774 1398 904 1438 quem
939 1390 1099 1434 tamen,
1120 1389 1327 1438 respectu
1360 1384 1734 1435 vestimentorum,

289 1453 534 1494 accuratius
554 1452 754 1505 depinxit
781 1455 825 1492 et
845 1453 890 1492 in
922 1451 1187 1506 Speciminis
1207 1452 1250 1492 8.
1271 1450 1383 1491 Tab.
1403 1450 1614 1505 produxit
1634 1450 1736 1492 Mo-

289 1519 451 1560 rellius.

347 1586 550 1638 Denique
567 1598 621 1626 eo
642 1586 739 1626 haec
755 1585 879 1638 Virg.
896 1595 1004 1625 V111.
1023 1585 1127 1625 AEn.
1140 1584 1239 1625 639.
1258 1584 1429 1637 egregie
1444 1585 1735 1626 illustrantur:

459 1652 576 1693 Post
595 1652 726 1701 idem,
749 1653 865 1693 inter
885 1665 934 1692 se
954 1652 1102 1706 posito
1123 1651 1376 1700 certamine,
1398 1664 1520 1703 reges

460 1718 632 1759 Armati
652 1718 683 1759 J
687 1719 783 1759 ovis
805 1722 903 1759 ante
924 1731 1057 1767 aram,
1079 1723 1349 1771 paterasque
1370 1721 1566 1758 tenentes

459 1785 661 1834 Stabant,
683 1789 728 1825 et
748 1798 869 1826 caesa
883 1785 1127 1838 jungebant
1148 1784 1318 1824 foedera
1337 1796 1489 1837 porca.

292 1853 477 1894 Necnon
499 1864 596 1904 quae
618 1851 733 1891 idem
754 1850 897 1900 habet,
917 1860 1009 1890 xil.
1039 1850 1142 1891 AEn.
1167 1851 1263 1891 170.

754 2030 848 2073 XI.
911 2029 1274 2072 IPHIGENIA.

793 2137 896 2178 Lm.
920 2147 951 2176 1.
981 2135 1099 2177 CAP.
1120 2137 1191 2177 21.

293 2240 303 2256 ‘
323 2234 551 2287 Virginem
573 2233 759 2287 Ulysses
780 2239 824 2274 et
846 2233 1081 2274 Menelaus
1102 2245 1202 2272 cum
1219 2231 1456 2273 Calchante
1474 2230 1660 2285 (quibus
1690 2228 1740 2269 id

347 2302 572 2354 negotium
602 2300 751 2341 datum
783 2297 914 2352 erat,)
943 2298 1122 2339 remotis
1151 2299 1306 2351 procul
1338 2298 1560 2346 omnibus,
1601 2296 1738 2337 sacri-

354 2368 458 2408 ficio
475 2365 735 2408 adornavit?

349 2445 636 2494 IPHlGENlA,
652 2443 995 2496 Agamemnonis
1016 2446 1060 2484 et
1084 2442 1460 2496 Clytaemnestrae3
1493 2440 1546 2480 de
1568 2452 1656 2493 qua
1674 2438 1738 2480 fa-

292 2512 409 2553 bulae
428 2512 659 2564 plurimum
679 2511 996 2563 discrepantes.
1056 2508 1167 2550 Cum
1185 2512 1310 2561 pater
1330 2508 1373 2548 in
1391 2506 1555 2547 Aulide
1575 2506 1737 2547 ‘Dianae

294 2591 468 2620 sacrum
490 2590 664 2618 cervum
695 2577 947 2631 imprudens
978 2576 1230 2624 occidisset,
1251 2574 1477 2626 indignata
1498 2572 1612 2621 Dea,
1635 2577 1744 2612 tem-

294 2648 467 2698 pestate
501 2645 741 2693 concitata,
783 2643 1037 2684 Graecorum
1067 2643 1109 2682 in
1146 2640 1298 2681 Asiam
1331 2639 1564 2692 trajectum
1597 2650 1742 2679 mora-

296 2712 438 2750 batur.
495 2709 599 2760 Qua
617 2710 671 2750 de
688 2723 825 2750 causa
845 2723 944 2750 cum
964 2713 1090 2750 vatos
1111 2707 1457 2754 consulerentur,
1477 2716 1740 2757 responsum

297 2777 501 2828 sanguino
532 2775 881 2830 Agamemnonio
913 2777 1105 2818 Dianam
1147 2786 1244 2815 csse
1284 2771 1560 2826 placandam.
1620 2770 1737 2823 Ergo
