1915 3231
271 231 328 274 98

728 241 939 272 mc'rYos
973 238 1244 270 CRETENSIS

273 336 368 390 ejus
397 336 550 388 aufert,
583 335 784 377 AEthram
815 348 991 388 quoque
1012 337 1055 375 et
1075 328 1362 386 Clymenamd
1397 329 1593 372 Menelai
1624 328 1714 370 affi-

273 409 384 454 nes‚0
405 416 504 458 quae
525 403 581 444 ob
600 401 966 444 necessitudinem
988 414 1087 442 cum
1108 399 1284 441 Helena
1298 395 1311 419 f
1328 398 1546 451 agebant.²
1582 396 1716 438 Post-

928 496 1074 531 NOTAE

274 571 353 594 num
376 563 490 604 sylvis,
516 566 554 593 ut
579 562 626 593 ait
646 562 747 603 poe'ta
767 562 970 601 Venusinus,

275 613 334 643 sed
360 614 472 654 sylvas
496 616 531 643 et
552 617 682 643 montes
704 612 889 643 homiuibus
911 621 970 651 ap-

276 663 427 703 pingere.
479 662 613 694 Quanto
636 662 755 693 melius
779 661 972 700 Anacreon,

276 712 334 753 qui
352 712 466 743 amicae
484 721 550 742 suae
567 721 631 742 non
647 712 772 751 sylvam
787 711 969 751 gratiarum

277 762 432 801 imponit,
453 761 511 792 sed
534 770 589 792 eas
611 769 726 791 omnes
747 759 820 800 ejus
843 758 971 790 cervici

278 813 498 843 involitantes
527 811 701 842 describit.
744 810 817 850 Περὶ
840 809 973 849 λυγδίνῳ

277 861 428 901 τραχήλῳ
439 860 570 902 Χάριτες
582 861 724 891 πέτοιντο
735 861 842 891 πᾶσαι.
857 862 865 878 ‘
877 860 974 891 Circa

280 912 403 942 collum
442 919 665 941 marmoreum
693 910 825 942 Gratiae
856 910 975 940 involi-

281 965 355 991 tent
372 959 512 991 omnes!
556 959 604 991 At
621 960 690 999 illa,
705 958 822 991 κάλλος
837 958 975 999 ἄντικρὺς

282 1009 429 1049 ἔμπνουν,
446 1010 526 1040 satis
544 1009 601 1040 diu
623 1018 676 1040 me
702 1018 898 1049 suspensam
918 1009 975 1039 ha-

281 1060 398 1091 buere.
444 1059 532 1090 Nam
556 1063 592 1089 et
615 1056 680 1089 fuit
705 1058 807 1089 etiam
824 1067 898 1089 cum
916 1067 976 1099 pu-

283 1114 389 1140 tarem
427 1108 545 1140 κάλλος
573 1117 648 1138 esse
677 1108 790 1148 quarti
815 1117 910 1138 casus
941 1111 976 1138 et

284 1160 415 1199 ἔμπνουν
437 1159 537 1200 jtlngi
562 1158 687 1189 debere
711 1167 785 1188 cnm
801 1156 976 1198 πρόσωπον,

284 1216 323 1241 ut
361 1214 454 1240 esset
486 1207 650 1248 πρόσωπον
683 1206 814 1245 ἔμπνουν
849 1205 979 1245 κάλλος,

285 1262 294 1276 ‘
316 1260 439 1290 Vultus
492 1257 778 1299 pulchritudinem
824 1256 979 1297 spirans!

287 1310 410 1343 Qualia
425 1309 532 1340 multa
554 1307 643 1347 apud
661 1312 794 1338 veteres
811 1306 979 1346 leguntur,

287 1361 334 1392 sic
355 1358 484 1395 βλέπειν
497 1359 607 1399 Ἄρηα.
637 1358 647 1375 ‘
663 1357 804 1395 Videre,
828 1356 981 1396 aspicere

287 1409 462 1442 Martem?
514 1409 614 1441 Aroz'r
644 1408 671 1438 le
697 1407 813 1445 regard
841 1405 980 1436 martial.

289 1461 354 1492 Sed
372 1461 506 1492 tandem
524 1468 575 1489 me
587 1466 698 1488 verum
712 1455 809 1496 hujus
826 1455 891 1486 loci
907 1464 981 1486 sen-

289 1520 359 1542 sum
377 1514 566 1541 assecutam
583 1507 751 1538 existimo,

336 1565 350 1580 ε
375 1561 495 1591 Mullus
524 1558 609 1598 opes]
637 1556 736 1587 Unde
760 1553 849 1585 infra
878 1554 983 1585 Hele-

291 1620 380 1649 nam,
396 1614 431 1640 et
449 1618 522 1649 quae
537 1617 612 1638 cum
626 1616 667 1637 ea
682 1605 824 1645 abrepta
835 1603 981 1640 fuet-ant,

292 1668 355 1701 per
371 1659 502 1699 legatos
520 1656 646 1697 repetit
662 1656 850 1686 Menelaus.
886 1654 984 1685 Idem

297 1708 465 1739 Herodot.
509 1707 543 1737 in
574 1706 737 1745 Euterpe,
782 1710 817 1735 et
846 1704 986 1735 Homer.

292 1757 381 1797 'Ap-‹p'
399 1754 507 1798 Ἑλένῃ
525 1753 574 1786 καὶ
586 1753 720 1793 κτήμασι
732 1754 808 1784 πᾶσι
819 1752 986 1792 μάχεσθαι.

291 1807 384 1839 ‘Pro
411 1806 547 1838 Helena
576 1809 610 1836 et
641 1804 759 1844 opibus
801 1803 871 1843 ejus
903 1813 984 1844 pug-

296 1855 403 1889 nare.’

349 1905 365 1926 ‘¹
388 1905 533 1937 AEthram
563 1907 592 1935 et
631 1901 824 1944 Clymenam]
862 1900 986 1931 Earum

295 1963 449 1995 meminit
465 1961 570 1993 Ovid.
586 1960 618 1990 in
637 1960 747 2000 Epist.
765 1957 899 1989 Paridis
918 1956 987 1987 He-

296 2014 396 2044 lenae.
427 2014 436 2029 ‘
448 2012 493 2042 Et
519 2010 676 2041 comitum
704 2008 827 2049 primas
858 2006 991 2046 Clyme-

298 2072 365 2094 nen
383 2062 600 2101 AEthramque
628 2064 761 2090 tuarum
787 2057 896 2087 Ausus
916 2065 991 2087 cum

300 2112 431 2143 blandis
444 2120 551 2150 nuper
563 2109 656 2140 adire
670 2107 782 2140 sonis!
814 2107 943 2138 Rursus
959 2105 992 2135 in

301 2162 453 2202 Epistola
482 2161 622 2190 Helenae
653 2157 770 2188 Paridi
787 2168 796 2188 ι
842 2157 852 2174 ‘
870 2156 995 2187 Cetera

302 2222 364 2253 per
380 2211 486 2242 socias
511 2211 695 2250 Clymenen
713 2207 931 2247 AEthramque
948 2205 994 2236 lo-

306 2270 459 2303 quamur,
476 2261 560 2292 Qua»
578 2258 654 2289 mihi
672 2261 750 2288 sunt
764 2256 902 2287 comites
918 2263 994 2285 con-

304 2312 483 2351 siliumque.
500 2307 598 2340 duae.’
642 2308 765 2338 Earum
788 2304 939 2336 meminit
960 2308 996 2335 et

306 2362 407 2392 Hom.
421 2360 462 2392 Il.
478 2364 511 2391 Γ.
531 2358 616 2398 Ἅμα
630 2358 670 2399 τῇ
690 2367 729 2396 ’γε
755 2354 805 2387 καὶ
828 2353 996 2395 ἀμφίπολοι

1022 559 1065 591 δύ’
1079 558 1203 596 ἕποντο,
1220 559 1313 600 Αἴθρη
1326 558 1459 595 Πιτθῆος
1475 555 1622 598 θυγάτηρ,
1636 561 1719 588 Κλυ·

1021 608 1098 649 μένη
1112 621 1148 640 τε
1165 611 1289 644 βοῶπις.
1343 609 1352 624 ‘
1363 609 1407 639 Et
1423 608 1513 638 illam
1530 616 1597 638 una
1611 606 1719 638 famu·

1023 661 1064 691 1ae
1090 660 1166 691 duae
1184 659 1427 700 sequebantur,
1441 657 1562 688 AEthra
1588 656 1720 688 Pitthei

1023 710 1092 741 filia
1107 710 1352 750 ,Clymeneque
1368 707 1530 749 pulchra!
1561 707 1721 748 Hyginus

1023 759 1203 792 Thisadien
1238 757 1405 800 quandam
1429 757 1556 789 AEthrae
1579 757 1722 797 conjun-

1026 810 1092 849 git:
1125 809 1210 839 Fab.
1233 811 1286 839 92.
1331 805 1569 846 ‘Alexander,’
1598 805 1723 847 inquit,

1025 860 1035 876 ‘
1047 860 1189 891 Veneris
1200 860 1343 900 impulsu
1354 858 1520 889 Helenam
1531 867 1550 889 a
1562 857 1723 889 Lacedae-

1030 921 1127 942 mone
1145 911 1186 942 ab
1198 911 1329 951 bospite
1343 911 1502 941 Menelao
1515 910 1651 950 Trojam
1666 909 1725 941 ad·

1029 960 1137 997 duxit,
1173 970 1315 1001 eamque
1347 961 1381 991 in
1411 960 1567 1001 conjugio
1592 960 1723 996 habuit,

1029 1020 1105 1042 cum
1122 1011 1251 1042 ancillis
1276 1010 1404 1041 duabus
1422 1010 1540 1040 AEthra
1561 1015 1597 1040 et
1611 1009 1725 1041 Thina-

1029 1060 1095 1097 die,
1112 1070 1194 1101 quas
1216 1060 1338 1091 Castor
1361 1063 1397 1089 et
1417 1058 1542 1089 Pollux
1570 1058 1724 1098 captivas

1030 1110 1060 1140 ei
1096 1110 1319 1149 assignarant,
1355 1107 1537 1148 aliquando
1571 1107 1727 1147 reginas!

1030 1160 1113 1190 Eam
1145 1158 1340 1190 Phisadiem
1371 1157 1520 1195 vocavit,
1552 1155 1636 1187 Fab.
1671 1159 1727 1188 29.

1031 1210 1170 1241 ‘Castor
1201 1212 1237 1239 et
1264 1207 1388 1238 Pollux
1412 1205 1667 1245 belliger-arunt,
1690 1210 1727 1237 et

1032 1259 1183 1291 AEthram
1195 1258 1313 1290 Thesei
1326 1261 1466 1288 matrem
1484 1260 1519 1286 et
1531 1255 1727 1287 Phisadiem

1033 1310 1180 1341 Pirithoi
1198 1318 1345 1340 sororem
1363 1310 1542 1347 ceperunt,
1557 1305 1641 1337 etin
1658 1314 1728 1336 ser-

1033 1359 1176 1390 vitutem
1218 1357 1325 1389 sorori
1361 1353 1556 1387 dederunt.’
1614 1354 1670 1386 Ita
1693 1359 1730 1385 et

1035 1409 1149 1442 forsan
1166 1410 1231 1440 ista
1246 1417 1310 1439 non
1326 1407 1390 1438 alia
1406 1406 1449 1437 sit
1458 1415 1556 1447 quam
1567 1404 1730 1447 Clymene

1036 1460 1152 1492 Ovidii
1169 1463 1205 1490 et
1222 1458 1374 1490 Homeri.

1078 1514 1092 1530 e
1113 1508 1245 1551 Affines]
1280 1506 1426 1538 Affinem
1465 1505 1519 1537 hic
1550 1509 1728 1545 cognatam

1037 1560 1133 1597 dicit,
1145 1565 1178 1590 et
1191 1559 1233 1589 de
1246 1558 1361 1589 AEthra
1373 1555 1506 1597 quidem
1519 1560 1649 1586 certum
1665 1560 1732 1594 est,

1035 1620 1109 1651 quae
1120 1608 1189 1640 filia
1202 1607 1266 1639 fuit
1279 1606 1417 1638 Pitthei.
1442 1605 1601 1636 Pittheus
1616 1610 1731 1636 autem

1036 1659 1173 1700 Pelopis
1189 1658 1289 1697 filius,
1307 1656 1405 1688 Atrei
1422 1655 1537 1686 frater.
1576 1655 1733 1686 Pittheus

1037 1710 1152 1749 genuit
1170 1709 1332 1746 AEssrram,
1354 1706 1480 1737 Atreus
1505 1705 1728 1737 Plisthenem.

1039 1758 1095 1789 Sic
1112 1757 1228 1788 AEthra
1244 1760 1280 1787 et
1294 1754 1485 1787 Plisthenes
1503 1758 1599 1784 erant
1615 1763 1734 1784 conso-

1039 1807 1137 1845 brini,
1148 1806 1267 1838 cousins
1279 1805 1445 1844 germains.
1492 1802 1537 1834 At
1554 1804 1734 1834 Menelaus

1040 1856 1225 1888 Plisthenis
1233 1854 1319 1885 filins
1332 1854 1393 1885 fuit
1403 1865 1412 1892 ;
1422 1852 1484 1885 fuit
1496 1854 1597 1894 igitur
1608 1852 1733 1885 Aithrae

1041 1909 1217 1946 cognatus.
1242 1905 1404 1943 Clymene
1417 1907 1527 1933 autem
1541 1903 1655 1942 ignota
1669 1908 1734 1934 est.

1041 1956 1076 1988 Si
1091 1956 1135 1986 sit
1152 1954 1267 1986 eadem
1285 1963 1358 1995 quae
1374 1953 1534 1984 Thisadie
1564 1953 1634 1984 sive
1651 1953 1734 1984 Phi-

1044 2006 1137 2036 sadie
1150 2004 1291 2045 Hygini,
1317 2012 1410 2033 soror
1427 2002 1581 2040 Pirithoi,
1603 2007 1735 2033 certum

1045 2061 1093 2086 est
1113 2064 1185 2085 eam
1203 2053 1244 2084 ad
1261 2052 1453 2083 Menelaum
1470 2052 1654 2091 pertinere,
1669 2051 1737 2082 etsi

1047 2104 1152 2144 gradu
1175 2101 1372 2133 remotiori:
1397 2110 1473 2131 narn
1497 2100 1674 2132 Menelaus
1702 2106 1738 2132 et

1046 2153 1159 2191 Ixion,
1191 2150 1356 2182 Thisadiae
1386 2155 1496 2190 pater,
1522 2154 1619 2180 erant
1647 2149 1738 2190 quod

1047 2203 1147 2242 vulgo
1175 2201 1317 2231 dicimus
1332 2210 1341 2238 ;
1371 2199 1475 2230 cousin
1504 2209 1544 2230 au
1571 2200 1739 2239 quatrieme

1045 2251 1150 2290 degre.
1185 2249 1226 2280 Id
1243 2248 1330 2290 quod
1344 2248 1467 2280 clarius
1479 2247 1607 2289 patebit
1618 2257 1660 2280 ex
1678 2249 1739 2280 hoc

1048 2301 1303 2342 diagrammate.

893 2406 1019 2447 Jupiter
1040 2403 1149 2444 genuit

393 2464 598 2506 Apollinem.

435 2515 559 2555 Apollo

394 2565 574 2605 Lapithen.
589 2561 725 2602 Lapith.

394 2613 578 2654 Periphan.
594 2611 732 2651 Periph.

396 2664 600 2695 Anthonem.
615 2661 720 2693 Anth.

400 2714 565 2745 Ixionem.
582 2713 649 2744 lxi.

400 2764 586 2795 Pirithoum
604 2768 639 2794 et
656 2759 849 2793 Phisadien.

1130 2454 1319 2486 Tantalum.

1173 2504 1333 2535 Tantalus

1136 2555 1311 2594 Pelopem.
1334 2553 1410 2584 Pel.

1136 2604 1292 2636 Atreum.
1316 2601 1389 2632 Atr.

1138 2654 1358 2685 Plisthenem.
1382 2650 1466 2682 Plis.

1137 2704 1341 2737 Menelaum.
