1915 3231
294 273 378 314 214
761 283 970 314 Dicryos
1004 282 1276 313 caurensis

294 378 490 420 maximo
512 378 680 420 ululatu
711 382 938 431 postrema
967 376 1105 418 funeri
1135 374 1379 430 peragunt,d
1413 375 1512 418 hinc
1542 376 1737 418 foeminis

293 460 389 487 cum
413 445 606 487 Hecuba
626 444 896 494 deflentibus,
924 444 1022 485 hinc
1042 449 1057 466 2
1092 443 1428 485 reclamantibus
1448 443 1552 484 viris
1583 443 1738 497 Troja-

293 513 377 562 nis,
398 518 443 554 et
465 513 522 555 ad
552 516 828 566 postremum
860 511 1082 552 sociorum
1114 510 1327 563 gentibus.
1389 509 1504 560 Quae
1534 522 1615 562 per
1642 510 1737 551 dies

292 581 477 629 decem,e
507 592 718 621 concessa
738 578 935 620 bellandi
957 579 1122 632 requie,
1146 579 1202 619 ab
1234 583 1333 619 ortu
1363 577 1471 618 solis
1501 590 1645 632 usque
1679 576 1737 618 ad

292 660 516 702 vesperam
546 660 624 700 per
643 646 864 700 Trojanos
896 650 1034 697 gesta,
1069 645 1187 685 nullo
1219 649 1435 698 usquam³
1465 644 1652 685 remisso
1672 644 1737 684 lu-

290 714 418 767 gendi
440 714 600 755 officio.
644 711 726 764 [2]
746 712 926 753 Interim
948 724 1025 764 per
1045 710 1226 752 eosdem
1250 711 1344 752 dies
1366 710 1664 761 Penthesilea,
1683 710 1738 750 dc

289 794 378 834 qua
398 784 497 822 ante
515 779 864 827 memoravimus,
886 790 985 818 cum
1016 791 1177 829 magna
1198 780 1472 818 Amazonum
1500 790 1648 827 manu,
1671 790 1736 818 re-

287 849 512 901 liquisque
535 860 592 887 ex
612 846 795 886 finitimo
814 845 1008 897 populis,
1030 842 1310 898 supervenit.f
1349 844 1467 895 Quae
1489 849 1729 898 postquam

287 915 560 955 interemtum
595 913 835 953 Hectorem
867 912 1090 964 cognovit,
1121 912 1323 964 perculsa
1352 915 1490 953 morte
1520 912 1631 965 ejus,
1666 924 1736 952 re-

287 981 409 1033 gredi
439 980 612 1020 domum
640 979 843 1032 cupiens,
881 979 937 1019 ad
974 983 1248 1032 postremum
1286 979 1427 1020 multo
1459 992 1566 1020 auro
1604 982 1734 1032 atquo

288 1050 468 1099 argento
501 1047 557 1087 ab
586 1044 845 1087 Alexandro
868 1045 1033 1095 illecta,
1068 1045 1232 1086 ibidem
1254 1046 1448 1099 opperiri
1470 1046 1733 1087 decreverat.

293 1114 404 1154 Dein
425 1113 596 1154 exactis
617 1113 788 1166 aliquot
809 1112 981 1162 diebus,
1000 1113 1156 1165 copias
1179 1125 1284 1154 suas
1306 1113 1439 1153 armis
1459 1112 1648 1162 instruit,
1666 1125 1734 1162 ac,

287 1192 482 1221 scorsum
512 1192 540 1221 a
575 1179 795 1233 Trojanis,
834 1180 938 1233 ipsa
973 1180 1065 1221 suis
1101 1181 1234 1221 modo
1268 1180 1593 1221 bellatoribusg
1623 1179 1733 1220 satis

891 1298 1106 1311 ‘comete‘
1110 1300 1125 1311 e

282 1378 302 1406 2
324 1374 484 1416 Vinding.
499 1374 663 1406 illim—3
679 1373 807 1414 Delph.
823 1377 1047 1415 nusquam—4
1064 1376 1199 1407 Desunt
1216 1375 1248 1406 in
1267 1375 1392 1417 Delph.
1411 1384 1511 1407 voces
1527 1375 1560 1406 in
1574 1375 1642 1416 quis
1655 1375 1734 1416 ipsa.

935 1480 1076 1512 NOTAE

1032 1557 1078 1598 Τῇ
1091 1555 1206 1598 δεκάτῃ
1230 1555 1267 1587 δέ
1289 1568 1325 1588 κε
1348 1555 1525 1595 θάπτοιμεν,
1550 1554 1674 1587 δαινῦτό
1697 1567 1733 1586 τε

1032 1605 1121 1637 λαός.
1142 1605 1310 1648 Ἕνδεκάτῃ
1336 1605 1371 1637 δέ
1391 1618 1427 1637 κε
1445 1605 1565 1645 τύμβον
1588 1606 1635 1636 ἐπ’
1650 1605 1734 1644 αὐτῷ

281 1566 436 1596 campum
460 1555 502 1586 ad
527 1554 726 1595 caprificum
753 1555 898 1587 ruebant
926 1566 981 1586 cu-

282 1607 353 1648 pidi
370 1605 544 1637 civitatis?
577 1606 621 1636 Et
636 1605 738 1636 Iliad.
755 1609 793 1636 Ω.
818 1606 856 1636 Οἱ
872 1606 897 1636 δ’
913 1605 980 1637 ἐπεὶ

280 1656 335 1688 οὖν
360 1655 445 1694 μέγα
473 1656 559 1694 σῆμα
583 1654 678 1696 πάρεξ
704 1655 809 1687 Ἰλίοιο
839 1658 980 1688 ἔλασσαν

280 1707 408 1743 Στῆσαν
428 1705 475 1745 ἄρ’
490 1704 631 1743 ἡμιόνους
649 1717 685 1736 τε
700 1705 750 1736 καὶ
763 1706 885 1747 ἵππους,
901 1708 980 1748 ὄφρα

277 1757 374 1788 πίοιεν
389 1757 423 1787 ἐν
437 1756 576 1795 ποταμῷ.
599 1759 608 1772 ‘
623 1755 670 1786 Hi
688 1765 784 1796 vero,
799 1763 977 1798 postquam

277 1816 435 1847 magnum
444 1805 659 1845 sepulchrum
668 1804 712 1836 Ili
724 1807 978 1847 praeterierunt,

276 1858 457 1890 Steterunt
472 1855 646 1895 mulosque
662 1859 697 1885 et
707 1864 822 1895 equos,
832 1861 868 1887 ut
881 1856 976 1888 bibe-

276 1912 353 1939 rent
366 1906 399 1937 in
412 1904 539 1937 fluvio.’
561 1904 975 1944 Namjnxtasimoie'ntem

276 1957 414 1989 fluvium
429 1954 535 1985 fuisse
551 1953 593 1984 Ili
608 1954 788 1990 tumulum,
808 1955 913 1995 liquet
933 1965 976 1986 ex

274 2005 447 2038 Theocrit.
460 2004 551 2044 Idyl.
568 2012 644 2034 XVI.
678 2003 730 2033 Ἐν
744 2003 837 2043 πεδίῳ
851 2005 976 2043 Σιμόεν-

275 2068 342 2096 τος,
356 2055 402 2087 ὅθι
425 2054 541 2095 Φρυγὸς
555 2052 641 2094 ἠρίον
650 2053 749 2085 Ἴλου.
773 2057 782 2071 ‘
797 2055 812 2086 1
818 2065 838 2085 n
855 2066 976 2096 campo

275 2107 470 2143 Simoentis,
506 2105 565 2137 ubi

278 2157 345 2189 Ili:

319 2207 334 2228 d
351 2204 635 2243 Postremasunerz'
647 2206 817 2247 peragunt]
843 2205 976 2237 Nomen

280 2257 443 2290 Hectoris
480 2261 533 2287 ter
569 2255 663 2286 clara
693 2265 776 2287 voce
807 2260 978 2289 vocantes.

279 2293 378 2347 Virg.
391 2314 447 2337 111.
461 2303 594 2336 AEueid.
611 2303 851 2346 ‘Animamque
864 2307 976 2346 sepul-

611 2105 750 2146 Phrygii
780 2107 974 2146 sepulcrum

279 2368 338 2390 cro
362 2356 559 2394 Condimus,
583 2358 618 2386 et
641 2364 762 2395 magna
782 2365 976 2396 supremum

278 2418 364 2440 voce
378 2405 529 2438 ciemns.’
572 2405 639 2437 Qui
656 2405 804 2436 solennis
817 2415 887 2437 mos
902 2405 978 2437 fuit.

279 2460 325 2490 Et
348 2462 426 2498 post
447 2464 569 2487 nomen
587 2453 742 2486 defuncti
760 2456 863 2487 tertio
879 2465 977 2487 voca-

280 2514 364 2546 tum,
377 2506 571 2544 dicebatur,
582 2504 592 2520 ‘
606 2504 693 2541 vale,
710 2504 798 2543 vale,
814 2505 913 2536 vale.'

321 2564 335 2578 ⁸
357 2558 423 2588 Per
438 2556 503 2587 dies
518 2554 638 2594 decem]
670 2553 841 2586 Homerus
856 2555 903 2586 ait
919 2566 980 2596 per

278 2607 447 2639 undecim.
508 2605 641 2636 Novem
671 2604 759 2634 enim
790 2604 899 2636 luctui
931 2606 979 2637 in-

278 2656 380 2688 sumti
397 2659 473 2686 sunt
489 2665 498 2693 ;
523 2653 656 2685 decimo
672 2654 824 2693 sepultus
841 2664 849 2692 ;
874 2655 980 2687 unde·

277 2707 377 2743 cium,
394 2704 542 2736 tumulus
558 2713 661 2744 super
678 2713 753 2734 eum
768 2709 978 2738 exstructus.

279 2756 333 2785 Ita
352 2755 506 2785 Priamus
524 2753 565 2783 ad
585 2753 765 2788 Achillem,
787 2753 827 2784 ΙΙ.
845 2759 882 2785 Ω.
914 2755 980 2786 Ἐν·

277 2806 372 2843 νῆμαρ
390 2805 446 2841 μέν
462 2804 487 2833 κ’
503 2802 598 2834 αὑτὸν
610 2802 652 2832 ἐνὶ
663 2801 806 2842 μεγάροις
819 2803 978 2843 γοάοιμεν,

1032 1655 1228 1694 ποιήσαιμεν.
1258 1658 1267 1673 ‘
1284 1655 1416 1688 Novem
1434 1656 1505 1687 dies
1521 1656 1657 1697 quidem
1680 1657 1733 1696 ip-

1032 1716 1103 1737 sum
1113 1707 1145 1737 in
1158 1706 1286 1738 aedibns
1301 1707 1502 1746 lugeremus.
1519 1706 1664 1737 Decima
1673 1715 1731 1736 au-

1032 1761 1099 1788 tem
1118 1761 1152 1788 et
1169 1756 1404 1798 sepeliremus,
1423 1756 1732 1796 convivareturque

1032 1809 1190 1849 populns,
1227 1808 1420 1839 Undecima
1452 1816 1530 1838 vero
1564 1807 1731 1838 tumulum

1030 1867 1133 1898 snper
1149 1858 1220 1898 ipso
1235 1856 1446 1888 faceremus?
1476 1856 1539 1888 Cui
1555 1855 1732 1896 respondit

1030 1907 1203 1939 Achilles:
1227 1907 1338 1938 Ἔσται
1362 1918 1413 1938 τοι
1435 1905 1486 1937 καὶ
1504 1906 1615 1945 ταῦτα,
1638 1904 1733 1945 γέρον

1030 1955 1152 1998 Πρίαμ’,
1169 1957 1208 1988 ὡς
1223 1956 1263 1988 σὺ
1276 1955 1423 1989 κελεύεις·
1446 1954 1562 1997 Σχήσω
1575 1956 1637 1997 γὰρ
1655 1955 1732 1988 τόσ-

1030 2017 1089 2037 σον
1102 2006 1241 2045 πόλεμον
1262 2007 1375 2049 χρόνον
1386 2007 1483 2039 ὅσσον
1499 2007 1632 2046 ἄνωγας.
1663 2007 1672 2024 ‘
1688 2008 1732 2038 E·

1030 2062 1106 2089 runt
1121 2058 1182 2089 tibi
1199 2063 1234 2089 et
1250 2058 1336 2098 haec,
1352 2068 1455 2090 senex
1473 2059 1620 2094 Priame.
1640 2061 1678 2089 ut
1694 2062 1731 2089 tu

1024 2107 1128 2147 jubes
1143 2119 1150 2138 2
1191 2109 1334 2139 Tenebo
1363 2109 1451 2140 enim
1479 2114 1576 2141 tanto
1604 2108 1730 2140 bellum

1030 2163 1182 2198 tempore
1195 2158 1459 2200 quantojubes.’

1072 2205 1083 2227 f
1105 2208 1305 2248 Supervenit]
1333 2209 1401 2240 Sed
1419 2209 1492 2249 jam
1508 2208 1566 2239 diu
1583 2212 1637 2239 est
1651 2217 1729 2239 cum

1029 2257 1060 2288 ei
1075 2257 1206 2289 Hector
1219 2258 1352 2289 obviam
1369 2263 1594 2299 processerat,
1606 2268 1730 2298 nempe

1031 2307 1103 2337 dies
1122 2310 1176 2338 23.
1201 2308 1419 2339 interemtum
1435 2308 1523 2339 enirn
1540 2308 1729 2339 Hectorem

1032 2355 1181 2387 Achilles
1205 2366 1266 2397 per
1291 2356 1364 2388 dies
1389 2357 1569 2388 duodecim
1585 2358 1620 2388 in
1636 2357 1731 2387 navi-

1033 2405 1095 2437 bus
1123 2406 1284 2447 servavit,
1308 2406 1567 2448 redemtumque
1589 2407 1731 2447 Trojani

1032 2465 1094 2497 per
1117 2455 1190 2487 dies
1215 2456 1373 2487 undecim
1397 2456 1570 2497 obsequiis
1591 2455 1731 2487 decora-

1031 2509 1164 2536 verunt.
1195 2505 1264 2536 Ubi
1280 2505 1385 2546 igitur
1401 2511 1471 2537 tam
1485 2515 1561 2536 sera
1575 2509 1730 2537 moratur

1032 2554 1273 2586 Penthesilea?

1072 2609 1089 2631 ἕ
1108 2605 1181 2645 Ipsa
1201 2605 1267 2635 suis
1287 2606 1375 2635 modo
1397 2603 1610 2644 bellatoribus]
1632 2603 1729 2644 Virg-

1030 2664 1055 2687 1.
1082 2655 1156 2686 AEn.
1178 2656 1188 2672 ‘
1207 2655 1315 2687 Ducit
1339 2655 1583 2686 Amazonidum
1607 2656 1730 2687 lunatis

1031 2706 1165 2745 agmina
1178 2705 1278 2746 peltis
1291 2704 1510 2736 Penthesilea
1521 2703 1650 2745 furem,
1660 2714 1730 2736 me-

1030 2755 1162 2796 diisque
1189 2756 1224 2787 in
1245 2754 1389 2786 millibus
1407 2755 1504 2786 ardet
1521 2754 1637 2787 Aurea
1651 2755 1727 2787 sub-

1029 2810 1170 2837 nectens
1187 2810 1314 2837 exertae
1331 2805 1468 2846 cingula
1483 2814 1635 2837 mammae
1651 2805 1731 2837 Bel·
