1915 3231
291 250 375 293 192
750 265 960 296 mcrYos
992 266 1265 299 cRErENffls

290 360 378 407 tus,
400 357 707 413 ingressusque
727 358 900 401 hostem
922 361 1243 415 complectitur,
1266 374 1396 404 manu
1416 362 1568 405 dextra
1585 365 1728 419 popli-

290 428 376 464 tem
409 426 640 467 succidens
657 440 667 468 :
698 440 785 480 quo
823 428 1001 469 vulnere
1036 428 1324 480 debilitatum,
1364 434 1499 484 atque
1537 432 1728 473 exsectis

288 493 432 532 nervis
449 493 689 534 invalidum
710 495 942 548 propulsat
963 495 1171 549 corpore,¹
1200 502 1485 551 ruentemque
1504 498 1726 541 interficit.

288 556 366 611 [8.]
397 557 531 608 Quod
562 560 638 600 ubi
671 561 1013 603 animadvertere
1035 562 1211 616 Trojani
1232 564 1309 617 qui
1338 564 1472 618 juxta
1506 567 1726 613 steterant,

287 625 493 677 gemitum
511 639 668 679 magno
682 627 871 669 clamore
892 629 1079 679 tollunt,4
1097 630 1349 684 relictisque
1363 631 1585 672 ordinibus
1605 631 1726 683 signo

288 691 409 742 dato,
431 705 551 733 arma
568 693 612 733 in
634 693 882 735 Patroclum
902 699 1081 747 vertunt,
1101 696 1274 737 scilicet
1294 697 1561 751 Sarpedonis
1581 697 1728 738 interi-

287 762 379 798 tum
399 759 624 811 publicam
641 760 812 802 cladem
830 763 924 802 rati.
968 760 1029 803 At
1047 762 1300 814 Patroclus,
1321 765 1512 818 praeviso
1532 764 1726 805 hostium

288 826 475 877 agmine,
497 827 633 867 telum
653 829 845 881 positum
865 829 984 871 humi
1007 843 1192 883 propere
1213 831 1342 885 rapit,
1363 832 1725 885 compositusque

286 890 331 930 in
348 893 480 932 armis
492 898 519 914 ¹¹¹
539 893 768 935 audentius
781 896 963 937 resistit.
994 896 1133 937 Tum⁵
1155 898 1425 949 ingruentem
1441 897 1724 951 Deiphobum

285 957 413 998 hasta
433 960 629 1000 cominus
649 961 803 1002 tibiam
824 961 937 1011 ferit,
962 965 1092 1015 atque
1123 963 1338 1004 excedere
1376 977 1434 1005 ex
1464 965 1560 1006 acie
1593 964 1724 1017 cogit,

285 1023 508 1066 interfecto
544 1027 665 1079 prius
697 1027 985 1078 Gorgithione
1000 1027 1017 1053 ⁶
1033 1034 1051 1050 ¹²
1084 1029 1217 1071 fratre
1252 1030 1372 1083 ejus:
1408 1043 1551 1084 neque
1584 1031 1723 1072 multo

284 1094 400 1141 post,
439 1091 625 1134 adventu
659 1092 815 1147 Ajacis
844 1094 929 1136 fusi
959 1095 1126 1149 reliqui.
1186 1096 1299 1138 Cum
1329 1098 1499 1138 interim
1531 1097 1723 1147 Hector,

285 1154 471 1197 edoctus
503 1171 604 1212 quae
641 1160 912 1210 acciderant,
947 1164 1204 1215 supervenit,
1236 1176 1290 1204 ac
1324 1175 1429 1204 mox
1463 1175 1724 1204 conversam

285 1234 465 1264 suorum
485 1225 627 1267 aciem
647 1240 729 1280 pro
750 1231 945 1281 tempore
965 1229 1169 1279 restituit,
1189 1229 1430 1283 increpatis
1451 1229 1653 1280 ducibus,
1671 1242 1724 1270 ac

282 1287 501 1343 plerisque
533 1305 591 1332 ex
621 1292 724 1346 fuga
750 1294 960 1335 reductis.
1021 1294 1091 1335 Ita
1115 1296 1348 1349 praesentia
1367 1295 1464 1349 ejus
1486 1295 1623 1336 animi
1642 1295 1725 1336 tol-

282 1353 442 1407 luntur,
463 1362 504 1399 et
524 1360 728 1412 praelium
748 1360 1008 1402 incenditur.
1067 1361 1183 1402 Tum
1201 1374 1307 1403 vero
1327 1362 1502 1416 inclytis
1521 1373 1579 1403 ex
1607 1365 1724 1402 utra·

282 1434 370 1474 que
390 1428 513 1476 parte
529 1426 710 1468 ducibus
727 1427 979 1469 confirmato
999 1429 1193 1470 exercitu
1209 1430 1439 1483 confligunt
1455 1429 1593 1480 acies,
1608 1442 1723 1471 nunc

282 1487 383 1530 hinc
403 1503 518 1533 nunc
539 1493 639 1534 inde
661 1494 925 1535 cedentibus
959 1495 1195 1546 instantes,
1217 1501 1262 1537 et
1281 1497 1355 1537 ubi
1386 1496 1508 1538 acies
1537 1499 1723 1537 nutave-

281 1558 365 1603 rat,
386 1558 604 1608 praesidiis
627 1561 972 1601 accurrentibus.
1032 1561 1203 1603 Interea
1234 1564 1463 1616 utriusque
1500 1563 1721 1604 exercitus

283 1620 442 1664 cadunt
460 1625 650 1677 plurimi,
664 1640 803 1680 neque
824 1627 999 1669 fortuna
1013 1629 1118 1670 belli
1138 1633 1344 1671 mutatur.
1375 1628 1466 1670 Sed
1484 1632 1721 1682 postquam

281 1686 405 1728 miles
427 1703 508 1742 per
527 1693 708 1734 multum
729 1694 840 1734 diem
857 1695 973 1736 bello
995 1696 1202 1746 intentus,
1222 1695 1362 1750 magis
1375 1696 1602 1750 magisque
1621 1695 1719 1736 fati-

282 1754 481 1806 gabatur,
500 1761 542 1798 et
558 1759 646 1800 diei
665 1773 820 1813 vesper
840 1765 947 1811 erat,
963 1761 1162 1815 utrisque
1180 1763 1468 1816 cupientibus,
1483 1775 1629 1817 pugna
1645 1762 1721 1802 de-

281 1832 468 1861 cessum.
538 1823 651 1866 Tum
692 1826 809 1880 apud
844 1826 1025 1881 Trojam
1057 1829 1178 1870 circa
1199 1828 1466 1883 Sarpedonis
1499 1829 1689 1871 cadaver
1703 1833 1720 1851 ⁰

881 1944 1116 1958 eeeeeeeeeeee

281 2012 429 2052 BIuhum,
458 2015 730 2057 Astymenem.-—4
753 2020 880 2061 Delph.
909 2023 1029 2061 gemilu
1055 2034 1166 2063 magno
1190 2025 1351 2055 clamorem
1382 2024 1566 2055 tollunt.—-5
1589 2023 1720 2064 Delph.

281 2058 430 2087 tuna-6
453 2058 572 2100 Vulgo,
590 2060 853 2101 Gorgatione.—7
876 2064 1003 2106 Delph.
1027 2076 1088 2097 non
1110 2077 1141 2097 α.
1155 2077 1182 2098 c.
1199 2077 1229 2097 a.
1249 2068 1287 2098 de
1311 2067 1443 2098 interitu
1464 2065 1719 2098 Priamidarum:

924 2169 1068 2202 NOTAE

276 2234 474 2269 subsidens:
518 2240 588 2271 Per
601 2251 693 2273 arma
709 2248 821 2274 autem
835 2244 970 2285 proprie
1024 2255 1137 2286 pugna
1152 2255 1171 2277 a
1185 2247 1314 2278 Teucro
1328 2247 1477 2278 occisum
1502 2246 1596 2288 dicit,
1619 2247 1662 2280 Il.
1678 2251 1716 2280 Θ.

277 2285 433 2325 clypeum
451 2289 613 2330 intellige,
632 2297 668 2323 ut
684 2298 720 2325 et
735 2294 768 2324 in
781 2293 836 2325 illo
852 2295 972 2335 Virgil.
1023 2298 1098 2326 302.

275 2334 284 2350 ‘
302 2334 350 2365 At
376 2336 520 2369 Lausum
547 2342 627 2372 socii
657 2344 845 2375 exanimem
869 2354 971 2386 super
1065 2349 1080 2365 ⁰
1104 2345 1198 2376 Circa
1215 2345 1400 2385 Sarpedonis
1414 2345 1558 2386 cadaver]
1590 2347 1716 2379 Verum

276 2392 367 2415 arma
383 2384 565 2421 ferebant!
610 2391 656 2422 Et
670 2392 750 2423 alibi
767 2403 912 2434 quoque.
1022 2403 1065 2425 ex
1081 2395 1231 2426 Homero
1242 2394 1376 2434 Trojani
1391 2395 1597 2434 Sarpedonis
1613 2396 1716 2427 cada-

330 2433 339 2453 ¹
362 2436 531 2476 Propuzsac
554 2442 693 2482 corpore]
732 2443 882 2484 Corpore
910 2453 969 2476 sno
1022 2453 1082 2474 ver
1107 2453 1125 2475 e
1151 2453 1270 2484 campo
1299 2453 1365 2474 non
1395 2448 1579 2483 potuerunt
1608 2450 1715 2478 retra-

274 2492 351 2514 eum
367 2488 527 2526 propellit
544 2489 737 2523 Patroclus.
1020 2493 1113 2531 here,
1126 2493 1231 2524 sedin
1246 2497 1413 2533 potestate
1423 2493 1622 2525 Graecorum
1639 2505 1715 2535 per-

316 2538 339 2554 m
355 2536 604 2579 Compositusque
614 2540 647 2571 z'n
657 2541 767 2582 armis]
780 2542 847 2573 Hic
861 2548 967 2574 ‘com-
1020 2544 1153 2582 mansit,
1169 2543 1223 2584 qui
1239 2543 1321 2574 illud
1337 2543 1582 2583 exspoliarunt.
1605 2545 1650 2576 Et
1666 2544 1714 2576 A·

274 2593 401 2623 ponere
417 2596 452 2617 se
477 2587 511 2618 in
535 2590 659 2626 armis:
681 2591 785 2631 dicit;
809 2593 899 2634 quod
914 2602 967 2624 su-
1021 2594 1110 2633 pollo
1127 2598 1242 2634 postea
1258 2597 1397 2624 unctum
1413 2593 1580 2624 ambrosia
1603 2598 1638 2624 et
1653 2594 1712 2625 im-

274 2643 349 2673 pra.
366 2640 374 2652 ¹
388 2637 545 2676 colligere
563 2649 597 2670 se
614 2640 646 2670 in
663 2641 779 2673 arma!
1020 2643 1216 2674 mortalibus
1248 2642 1398 2674 vestibus
1435 2642 1589 2674 indutum
1617 2643 1713 2676 dedit

316 2687 330 2702 ¹¹
354 2684 573 2728 Gorgithione]
605 2690 734 2729 Scribe,
760 2695 768 2708 ‘
782 2691 966 2732 Gorgythi-
1021 2692 1145 2724 Somno
1160 2697 1195 2724 et
1207 2692 1313 2723 Morti
1330 2692 1370 2723 ad
1389 2692 1523 2733 Lyciam
1540 2693 1712 2734 perferen-

275 2733 364 2764 one.'
382 2736 558 2776 Γοργυθίων,
575 2739 678 2771 Hom.
695 2740 737 2772 Il.
753 2745 791 2773 Δ.
806 2741 965 2782 Apollod.
1021 2742 1122 2782 dum;
1148 2743 1203 2774 ubi
1220 2753 1238 2775 a
1254 2743 1320 2774 suis
1336 2742 1504 2784 sepultum
1521 2748 1582 2776 est.

274 2782 331 2813 lib.
358 2792 414 2816 nr.
458 2787 524 2818 Sed
552 2797 629 2821 eum
654 2789 821 2822 Homerus
845 2791 877 2823 in
902 2793 966 2824 alia
