1915 3231
255 265 337 307 176
712 276 925 308 ῡιοτγοε
959 275 1233 306 cRE'ristm

253 375 518 425 teropaeuS‚w
539 370 596 411 ad
616 370 875 411 morandum
897 370 1069 411 hostem
1099 368 1326 422 paulisper
1358 367 1458 408 ausi
1490 367 1708 417 resistere,

253 450 361 479 mox
382 437 642 478 vulneribus
675 438 846 490 gravati
881 437 1026 478 locum
1060 435 1273 477 amisere:
1305 434 1403 487 quis
1423 433 1582 484 versis,
1613 434 1709 475 nul-

253 512 343 553 lam
379 505 556 546 barbari
591 516 717 559 spem
759 505 968 557 reliquam
1003 502 1159 544 salutis
1196 501 1282 542 rati
1317 502 1411 541 sine
1445 501 1708 550 rectoribus,

254 585 395 626 neque
429 584 618 625 usquam
654 575 774 612 certo
809 571 960 612 ordine
996 570 1219 624 palantes,
1251 567 1465 621 effusique
1499 580 1623 607 ruere
1653 566 1709 608 ad

254 643 430 693 portas;
459 651 605 692 eoque
627 642 750 679 arcto
763 641 778 660 ²
799 644 843 679 et
861 637 1187 691 properantium
1205 634 1475 675 multitudine
1496 632 1711 686 impedito

255 707 467 759 ingressu,
502 718 603 746 cum
635 717 768 759 super
805 705 940 746 alium
973 704 1087 745 alius
1121 703 1260 743 ruinae
1294 700 1431 742 modo
1463 700 1713 753 praecipita-

256 777 421 823 rentur,
451 772 700 826 supervenit
735 784 835 812 cum
876 770 1145 825 supradictis
1178 769 1371 810 ducibus
1403 767 1538 821 Ajax.
1596 766 1710 806 Tum

257 852 417 892 magna
437 840 504 880 vis
525 839 827 888 barbarorum,
849 838 1021 891 trepida
1042 836 1345 890 impeditaque
1366 836 1477 875 inter
1498 847 1563 883 se,
1591 845 1712 874 caesa

259 907 566 959 extinctaque:
596 907 640 947 in
670 905 770 959 quis
792 906 954 946 Priami
986 905 1172 946 filiorum
1194 902 1418 956 Antiphus
1450 907 1495 942 et
1523 900 1710 948 Polites,

260 972 490 1022 Pammon,
508 972 735 1022 Mestor,¹³
760 976 894 1024 atque
911 971 1164 1024 Euphemus
1181 969 1442 1010 Troezenius
1457 974 1474 997 Υ
1489 968 1578 1009 dux
1593 980 1713 1020 egre-

260 1040 358 1092 gius
379 1039 605 1080 Ciconum.
664 1038 769 1091 [44]
802 1037 873 1078 Ita
899 1037 1099 1090 Trojani,
1125 1036 1260 1089 paulo
1280 1039 1378 1076 ante
1400 1035 1606 1083 victores,
1635 1034 1712 1074 ubi

261 1105 455 1147 adventu
486 1104 644 1158 Ajacis
676 1103 857 1144 fortuna
891 1104 999 1144 belli
1029 1107 1203 1144 mutata
1236 1107 1321 1151 est,
1352 1102 1492 1142 versis
1525 1101 1713 1141 ducibus

259 1185 419 1227 poenas
438 1173 556 1212 luere
577 1171 747 1212 militiae
782 1171 1068 1212 inconsultae:
1104 1183 1156 1210 ac
1184 1173 1420 1223 postquam
1453 1168 1714 1210 adventante

259 1251 462 1292 vespera,
495 1239 667 1291 signum
694 1238 855 1278 nostris
877 1238 1076 1292 receptui
1108 1237 1256 1278 datum
1275 1240 1359 1285 est,
1380 1235 1571 1276 victores
1600 1234 1714 1275 laeti-

260 1319 348 1359 que
371 1305 426 1346 ad
446 1318 586 1346 naves
605 1305 807 1358 regressi,
838 1317 944 1345 mox
969 1304 1024 1345 ab
1046 1303 1374 1356 Agamemnone
1393 1305 1618 1343 coenatum
1639 1300 1714 1341 de—v

263 1372 497 1414 ducuntur.
557 1372 628 1413 Ibi
664 1372 801 1425 Ajax,
835 1370 1117 1412 collaudatus
1159 1383 1187 1411 a
1220 1382 1332 1423 rege,
1364 1369 1496 1410 donis
1530 1368 1715 1421 egregiis

261 1439 527 1481 honoratur:
563 1452 705 1492 neque
726 1438 883 1492 reliqui
905 1437 1039 1478 duces
1062 1437 1181 1478 facta
1201 1441 1411 1490 gestaque
1431 1436 1513 1477 viri
1533 1434 1713 1476 silentio

262 1508 490 1547 remittunt
505 1519 515 1548 ε
530 1503 549 1521 *
579 1506 745 1560 quippe
772 1504 934 1558 singuli
954 1503 1216 1545 extollentes
1239 1504 1457 1553 virtutem,
1476 1513 1715 1543 memorare

263 1573 394 1615 sortia
416 1573 546 1623 sacta,
576 1586 753 1614 eversas
772 1573 826 1612 ab
847 1585 900 1613 eo
923 1574 987 1612 tot
1008 1571 1211 1625 Phrygiae
1231 1571 1446 1619 civitates,
1479 1569 1716 1610 abductas-

264 1653 349 1694 que
370 1640 558 1694 praedas,
590 1643 633 1680 et
663 1639 717 1680 ad
748 1643 1016 1693 postremum
1045 1639 1091 1678 in
1117 1638 1230 1692 ipsis
1258 1638 1447 1679 navibus
1483 1636 1714 1677 adversum

267 1706 505 1748 Hectorem
544 1706 761 1759 egregiam
811 1718 1012 1759 pugnam,
1061 1704 1364 1758 liberatasque
1409 1704 1497 1757 igni
1537 1703 1714 1744 classes.

268 1772 428 1826 Neque
459 1773 665 1826 cuiquam
696 1772 896 1821 dubium,
927 1773 1031 1825 quin
1063 1784 1118 1812 ea
1138 1775 1414 1825 tempestate,
1447 1774 1510 1811 tot
1530 1769 1714 1822 egregiis

267 1851 320 1880 ac
340 1839 644 1892 pulcherrimis
664 1838 759 1891 ejus
789 1838 1076 1888 facinoribus,
1109 1850 1211 1891 spes
1242 1841 1421 1878 omnesz
1441 1841 1575 1889 atque
1604 1848 1713 1889 opes

266 1905 439 1947 militiae
472 1908 515 1947 in
545 1907 625 1947 tali
656 1906 750 1947 viro
784 1906 1052 1946 sisterentur.
1110 1903 1311 1945 Ceterum
1344 1916 1498 1957 proras
1530 1903 1714 1943 duarum

267 1972 482 2022 navium?
512 1973 672 2027 quibus
694 1973 839 2013 illatus
861 1971 974 2023 ignis
995 1984 1091 2011 eam
1113 1976 1279 2024 partem
1294 1969 1591 2012 tantummodo
1611 1981 1715 2010 con-

871 2099 1109 2113 eeeeeeeeeee

269 2174 458 2216 Delpl1.—-l
484 2176 611 2217 Delph.
632 2177 864 2217 promtius.—2
889 2176 1012 2218 Delph.
1033 2179 1179 2208 ‹term—3
1204 2175 1258 2207 Sic
1274 2175 1421 2206 correxit
1436 2174 1581 2206 Mercer.
1601 2174 1716 2215 vulgo,

925 2292 1066 2324 NOTAE

272 2367 336 2406 bri,
363 2371 400 2398 ut
424 2366 614 2408 distinguat
631 2379 649 2400 a
665 2368 798 2400 Glauco
814 2367 967 2400 Anteno-
1022 2368 1085 2408 tor]
1118 2368 1183 2398 Eos
1206 2367 1296 2397 inter
1320 2365 1445 2397 Priami
1462 2365 1546 2397 filios
1561 2369 1716 2396 numerat

272 2418 330 2456 ris,
344 2417 387 2447 de
402 2427 468 2458 quo
484 2418 583 2449 infra.
1023 2418 1212 2455 Homerus3
1236 2427 1278 2447 ex
1296 2426 1337 2447 eo
1353 2415 1552 2456 Apollodor.
1568 2419 1601 2446 et
1620 2415 1685 2446 alii.

313 2472 326 2486 v
343 2467 516 2507 Sarpedon]
542 2467 568 2497 A
586 2469 746 2499 Patroclo
763 2468 967 2499 interfectus
1064 2472 1078 2493 Υ
1104 2465 1291 2506 Troezenius]
1325 2465 1478 2496 Troezeui
1504 2465 1614 2503 filius;
1641 2464 1712 2505 jam

271 2519 305 2549 iu
320 2518 383 2549 hac
402 2528 526 2558 pugna.
565 2519 667 2550 Hom.
686 2520 728 2550 Il.
744 2524 784 2550 Π.
823 2519 891 2550 Sed
908 2520 967 2549 ali·
1020 2526 1135 2556 supra.

273 2572 326 2598 ter
341 2568 441 2607 paulo
457 2568 592 2608 Dictys,
609 2568 695 2599 libro
709 2568 875 2608 sequenti.
1063 2571 1075 2585 ²
1098 2565 1176 2605 Spes
1188 2564 1305 2604 omnes]
1328 2563 1427 2603 Spes,
1441 2563 1629 2603 pluraliter.
1659 2562 1716 2593 Sic

314 2621 334 2636 w
359 2617 573 2657 Asternpceus]
609 2617 730 2656 Lycius
757 2616 844 2654 fuit;
868 2626 967 2657 quem
1023 2615 1144 2646 Horat.
1160 2615 1169 2631 ‘
1183 2615 1270 2644 Vitae
1289 2622 1416 2643 summa
1430 2613 1542 2644 brevis
1558 2622 1636 2654 spes
1653 2622 1714 2643 nos

272 2675 339 2696 una
361 2676 435 2696 cum
458 2665 655 2705 Sarpedone
679 2671 715 2697 et
737 2666 870 2697 Glauco
896 2666 967 2697 Ho-
1023 2669 1116 2696 vetat
1132 2664 1291 2694 inchoare
1310 2663 1448 2701 longas.¹

273 2725 383 2745 merus
410 2716 568 2756 praet‘ecit
593 2717 719 2757 quintae
737 2721 855 2747 turmae
874 2717 967 2748 auxi-
1065 2722 1079 2736 ³
1094 2715 1236 2745 Duarum
1252 2712 1391 2752 navium]
1415 2710 1531 2752 Ajacis
1543 2716 1579 2743 et
1594 2711 1714 2743 Prote-

274 2764 417 2794 limium.
1021 2765 1105 2796 silai.

318 2818 332 2833 Σ
358 2814 523 2854 Antiphus,
552 2816 681 2855 Polites,
705 2816 863 2852 Pammon,
883 2816 967 2846 Mes-
