1915 3231
282 274 366 316 102
737 288 949 321 DicTYos
981 290 1254 322 cumensis

283 377 504 430 concilio,s
534 379 720 432 primum
741 382 796 423 de
817 381 1060 424 Alexandri
1081 384 1242 438 injuria
1267 383 1560 437 conqueritur,
1590 397 1731 440 expo-

280 456 390 484 nens
411 447 656 487 communis
677 447 864 501 hospitii
885 451 1167 490 eversionem.
1227 450 1343 491 Dein
1365 454 1523 498 monet,
1543 455 1731 503 quantas

281 522 336 550 ea
361 523 430 551 res
449 512 561 553 inter
581 512 667 555 duo
696 528 828 567 regna
858 516 1100 557 simultates
1133 518 1406 557 concitatura
1437 520 1569 566 esset,
1600 517 1731 557 inter-

274 576 448 629 jaciens
468 581 719 621 memoriam
734 581 1054 622 discordiarum
1072 583 1129 623 Ili
1146 586 1188 623 et
1203 582 1421 636 Pelopis,t
1438 581 1731 635 aliorumqueu

281 644 359 696 qui
391 657 449 685 ex
470 647 621 687 causis
651 647 868 688 similibus
899 648 954 688 ad
985 649 1326 690 internecionem
1359 661 1498 701 usque
1535 648 1732 700 gentium

279 711 596 761 pervenissent.
655 713 729 754 Ad
751 717 1039 767 postremum,
1056 716 1161 756 belli
1181 715 1479 765 difficultates,
1495 717 1730 767 contraque

280 777 408 828 pacis
429 779 662 820 commoda
689 784 902 830 astruens,
924 795 1010 822 non
1032 795 1080 823 se
1100 783 1296 834 ignorare
1317 782 1390 830 ait,
1421 780 1597 834 quantis
1617 792 1731 820 mor-

281 842 460 884 talibusv
477 849 565 884 tam
581 850 710 886 atrox
727 846 897 887 facinus
912 847 1258 900 indignationem
1278 848 1521 888 incuteret:
1543 859 1600 886 ex
1617 851 1732 899 quoW

282 916 490 951 auctores
502 911 670 964 injuriae
685 912 741 952 ab
758 914 959 953 omnibus
977 913 1228 963 derelictos,
1249 914 1489 966 impietatis
1507 913 1730 966 supplicia

282 975 519 1017 subituros.
553 978 610 1018 Et
627 991 725 1018 cum
739 979 930 1032 plurima
946 979 1091 1020 dicere
1109 984 1304 1032 cuperet,
1321 979 1518 1019 Priamus
1537 977 1729 1018 medium

280 1040 377 1093 ejus
398 1043 712 1097 interrumpens
733 1058 1007 1086 sermonem:
1040 1045 1238 1095 Parcius,
1265 1058 1432 1098 quaeSO,
1455 1042 1730 1093 Palamede,⁶

278 1107 447 1160 inquit;
478 1109 673 1163 iniquum
691 1112 856 1151 etenim
878 1111 1065 1160 videtur,
1082 1112 1353 1152 insimulari⁷
1375 1124 1473 1152 eum
1488 1110 1565 1163 qui
1586 1110 1729 1150 absit:

278 1173 474 1214 maxime
497 1187 597 1215 cum
619 1175 710 1216 fieri
732 1177 891 1229 possit,
919 1178 981 1217 uti
1005 1191 1105 1230 quae
1127 1178 1360 1218 criminose
1384 1177 1562 1231 objecta
1591 1176 1728 1227 sunt,⁸

278 1241 488 1291 praesenti
507 1241 770 1283 refutatione
792 1243 1032 1284 diluantur.
1065 1243 1182 1284 Haec
1204 1249 1333 1297 atque
1349 1244 1435 1284 alia
1449 1242 1729 1296 hujusmodi⁹

276 1306 481 1357 inferens,
522 1308 682 1349 differri
718 1310 919 1363 querelas
955 1311 1012 1351 ad
1047 1310 1279 1352 adventum
1314 1309 1555 1351 Alexandri
1584 1309 1727 1363 jubet.

279 1371 475 1414 Videbat
495 1375 626 1425 enim,
656 1379 702 1417 ut
723 1376 899 1429 singuli,
932 1378 1008 1430 qui
1031 1378 1073 1418 in
1094 1390 1146 1418 eo
1168 1377 1354 1418 concilio
1376 1376 1573 1426 aderant,
1596 1376 1729 1417 Pala-

277 1439 415 1481 medis
429 1442 624 1483 oratione
640 1448 935 1496 moverentur3
956 1448 1005 1486 ut
1020 1444 1143 1484 taciti
1156 1444 1277 1486 vultu
1291 1448 1434 1485 tamen
1450 1448 1462 1467 ¹
1485 1443 1728 1484 admissum

278 1504 447 1548 facinus
481 1509 834 1560 condemnarent,
865 1524 964 1551 cum
997 1511 1170 1563 singula
1204 1511 1313 1551 miro
1346 1522 1498 1563 genere
1519 1509 1728 1551 orationis

885 1616 1132 1630 ‘OC‘OO‘NO‘O

279 1678 537 1712 Palamedes.—7
559 1681 686 1722 Delpli.
702 1681 857 1714 rideretur
871 1683 1124 1715 insimulare.-8
1147 1683 1274 1724 Delph.
1289 1686 1322 1714 ut
1339 1683 1366 1714 si
1379 1704 1387 1714 .
1401 1705 1409 1714 .
1424 1703 1432 1712 .
1443 1683 1584 1713 siun—9
1601 1682 1727 1723 Delph.

931 1781 963 1812 N
968 1781 1071 1813 OTAE

280 1850 403 1892 tiaeque
431 1851 567 1883 cluebat
596 1853 812 1894 Palamedes,
847 1856 903 1896 qui
935 1861 972 1887 et

277 1901 400 1931 multas
422 1901 538 1932 literas
561 1902 703 1934 Graecas
730 1904 915 1943 invenerat,
939 1910 974 1937 et

278 1950 453 1981 scientiam
478 1960 705 1992 numerorum,
724 1954 923 1994 ponderum,
939 1960 974 1986 et

279 2008 458 2031 mensurae.
518 2001 696 2033 Praeterea
726 2013 767 2033 ne
802 2006 974 2036 exercitus

279 2048 349 2079 otio
366 2056 639 2090 corrumperetur
656 2053 783 2084 invenit
800 2059 834 2084 et
860 2055 973 2086 ludum

278 2102 496 2139 tesserarum,
525 2105 560 2131 et
582 2101 743 2140 πεττείαν,
774 2104 975 2134 ‘laterculo-

279 2156 353 2179 rum
367 2148 481 2180 ludum
496 2149 518 2188 ;'
533 2160 641 2192 neque
655 2153 742 2183 enim
756 2159 822 2191 est,
833 2153 924 2191 [ejeu
935 2155 977 2185 du

280 2198 421 2236 triclrac,
451 2204 488 2230 ut
515 2200 650 2240 quidam
680 2207 820 2242 putant,
846 2212 975 2242 verum,

278 2248 320 2278 les
333 2249 448 2280 echecs.
495 2250 594 2282 Quod
616 2250 716 2281 facile
740 2252 873 2282 ostendi
899 2262 975 2292 pos-

278 2303 341 2329 set.
387 2299 455 2330 Sed
473 2299 553 2330 illud
572 2301 741 2341 praecipue
755 2302 974 2332 Palamedem

278 2349 538 2389 commendavit,
552 2351 642 2391 quod
668 2352 827 2382 tacticam
845 2352 974 2392 docuit,

278 2403 383 2429 artem
402 2399 536 2430 scilicet
560 2400 738 2431 ordinandi
763 2401 896 2440 milites,
924 2412 974 2432 ra-

280 2450 406 2480 tionem
427 2451 528 2481 etiam
554 2451 770 2482 excubiarum
795 2453 975 2492 disponen-

281 2499 397 2530 darum
409 2500 550 2540 invenit,
560 2501 687 2540 primus
698 2501 792 2533 dedit
805 2509 978 2543 tesseram,

279 2550 379 2579 donna
395 2551 423 2580 le
436 2551 569 2589 premier
585 2552 610 2582 le
624 2555 698 2582 mot.

335 2603 345 2617 ⁸
375 2599 592 2639 Conducloque
633 2601 775 2640 concilio]
827 2602 973 2638 Gallice,

278 2651 375 2688 ayant
404 2648 548 2678 assemble'
575 2649 602 2678 le
630 2651 764 2688 conseil;
793 2651 841 2681 sic
872 2651 974 2692 infra,

278 2698 395 2726 ‘senes
412 2696 599 2727 conducit.'

322 2746 331 2764 ²
353 2745 589 2776 Discordiarum
604 2746 647 2777 lli
672 2750 702 2777 et
726 2747 865 2788 Pelopis]
889 2750 974 2782 Quae

281 2796 411 2827 scilicet
444 2806 462 2826 a
502 2802 603 2836 raptu
641 2797 847 2838 Ganymedis
878 2805 975 2840 ortae,

1030 1866 1130 1898 quem
1152 1856 1316 1887 Tantalus
1333 1854 1473 1895 Pelopis
1489 1858 1587 1894 pater
1604 1863 1726 1895 rapue-

1029 1912 1095 1945 rat,
1111 1907 1176 1944 vel,
1204 1911 1242 1937 ut
1265 1904 1383 1936 Suidas
1400 1909 1435 1935 et
1457 1904 1634 1935 Cedrenus
1657 1910 1726 1936 tra-

1029 1955 1126 1993 dunt,
1154 1954 1242 1995 apud
1260 1964 1295 1985 se
1313 1964 1332 1984 a
1346 1952 1435 1984 Troe
1458 1952 1606 1992 missum,
1630 1954 1726 1994 quasi

1029 2005 1291 2044 speculatorem,
1303 2003 1502 2042 retinuerat,
1512 2002 1620 2034 donec
1634 2002 1725 2044 apud

1029 2063 1106 2085 eum
1127 2054 1194 2084 vita
1212 2052 1371 2084 decessit.

1072 2109 1085 2124 ¹¹
1108 2102 1325 2143 filiorumque]
1349 2102 1397 2133 Ut
1419 2102 1665 2133 Centaurorum
1688 2105 1724 2133 et

1031 2154 1265 2194 Lapitharum,
1290 2157 1432 2192 propter
1449 2156 1566 2192 raptas
1583 2161 1720 2183 uxores.

1028 2204 1099 2234 ldae
1111 2208 1144 2234 et
1157 2202 1296 2243 Lyncei,
1308 2202 1361 2243 qui
1378 2201 1420 2232 ob
1432 2206 1565 2241 raptum
1578 2201 1723 2232 Phoebes

1027 2258 1063 2283 et
1080 2252 1193 2282 Ilairae
1211 2251 1373 2281 adversus
1395 2250 1572 2281 Pollucem
1591 2254 1627 2281 et
1643 2249 1724 2281 Cas-

1028 2306 1134 2332 torem
1153 2302 1397 2340 pugnaverunt.

1082 2355 1096 2369 v
1124 2350 1260 2385 Quantis
1289 2347 1488 2388 mortalibus]
1525 2347 1722 2388 Legendum

1027 2400 1185 2430 omnino:
1211 2400 1220 2415 ‘
1236 2399 1407 2430 Quantam
1434 2397 1632 2428 mortalibus
1653 2401 1723 2429 tam

1027 2453 1123 2478 atrox
1154 2446 1283 2478 facinus
1316 2445 1583 2486 indignationem
1628 2446 1723 2477 incu-

1028 2499 1142 2530 teret!

1067 2554 1088 2569 w
1114 2550 1167 2580 Ex
1181 2547 1255 2588 quo]
1279 2547 1389 2579 Nemo
1405 2548 1500 2577 certe
1517 2545 1566 2577 ita
1588 2547 1721 2578 locutus

1027 2602 1091 2638 est,
1109 2598 1196 2638 quod
1215 2597 1317 2628 sciam
1332 2607 1340 2626 :
1362 2596 1396 2626 id
1413 2596 1518 2626 voluit
1533 2595 1623 2636 quod
1639 2596 1723 2628 Gal-

1026 2650 1090 2680 lice
1106 2649 1252 2686 diceres,
1273 2646 1345 2678 d’oa
1369 2646 1393 2676 il
1418 2645 1586 2676 arriveroit
1601 2655 1669 2686 que,
1684 2650 1721 2678 et

1027 2704 1122 2730 certe
1145 2698 1268 2737 Dictys
1297 2695 1402 2726 nostri
1419 2695 1541 2733 oratio,
1563 2695 1628 2726 etsi
1655 2695 1717 2726 ali-

1027 2748 1101 2778 cubi
1126 2747 1276 2787 limpida,
1298 2746 1422 2786 saepius
1448 2749 1560 2777 tamen
1585 2753 1722 2776 coenosa

1029 2797 1103 2830 fluit
1120 2802 1154 2829 ct
1170 2797 1350 2828 lutulenta.
