1915 3231
271 250 356 292 248
730 263 940 294 mcrYos
974 264 1247 295 anrENsis

275 353 432 395 cerdos
454 359 561 404 erat,
576 354 782 409 impulit,³
804 356 866 397 uti
884 356 1135 397 Palladium
1152 356 1237 397 sibi
1258 356 1458 408 traderet,
1471 357 1718 399 habituram

272 432 460 474 namque
478 434 637 474 magna
659 421 755 475 ejus
774 422 838 463 rei
858 424 1057 476 praemia.
1117 423 1192 464 Ita
1215 423 1411 476 perfecto
1432 425 1641 477 negotiow
1661 424 1720 465 ad

277 491 447 528 nostros
468 489 600 537 venit,
615 487 768 542 hisque
789 491 1051 543 promissum
1072 490 1221 531 offert:
1243 503 1391 532 verum
1412 490 1459 531 id
1477 491 1626 532 Graeci
1643 490 1721 531 ob·

271 553 471 594 volutum
490 555 615 604 bene,
632 568 721 608 quo
744 569 797 596 ne
817 557 1001 610 intelligi
1018 570 1044 598 a
1057 555 1073 582 ⁶
1095 570 1316 610 quoquam
1338 561 1506 611 posset,
1520 557 1720 598 vehiculo

273 619 330 659 ad
352 621 572 661 tentoria⁷
595 621 775 675 Ulyssis
807 635 882 676 per
907 624 1190 665 necessarios
1217 624 1419 678 fidosque
1447 636 1553 665 suos
1573 623 1723 664 remit-

274 689 380 727 tunt.
431 686 493 728 At
515 688 632 728 lucis
652 689 869 742 principio
889 694 1123 742 postquam
1142 695 1321 731 senatus
1344 693 1540 739 coactus,
1561 694 1603 731 et
1621 702 1724 730 nos-

272 753 327 792 tri
368 753 552 806 ingressi
591 761 709 804 sunt,
742 755 954 805 Antenor,
985 757 1122 798 veluti
1155 758 1429 799 iracundiam
1465 757 1723 799 Graecorum

271 824 483 869 metuens,
504 822 674 862 veniam
696 835 818 862 orare
840 835 1006 873 eorum,
1024 837 1124 876 quae
1143 824 1375 865 adversum
1391 837 1469 864 eos
1486 836 1562 877 pro
1578 823 1724 876 patria

270 890 392 926 exert
418 887 503 927 ius¹
528 887 820 928 disseruisset.
878 890 995 931 Dein
1023 890 1223 944 Ulysses,
1255 904 1341 932 non
1371 904 1418 932 se
1447 891 1515 932 his
1545 891 1723 940 moveri,

269 965 410 1005 neque
432 953 667 1006 indignari,
688 955 764 995 sed
783 957 903 1009 quod
932 956 1030 998 finis
1062 957 1109 997 in
1131 959 1363 999 tractando
1384 971 1472 998 non
1494 957 1724 998 adhibere-

270 1022 363 1059 tur:
409 1020 605 1060 maxime
642 1033 742 1061 cum
781 1026 1073 1075 opportunum
1114 1024 1172 1064 ad
1212 1024 1508 1076 navigandum
1546 1027 1724 1076 tempus

270 1085 391 1125 brevi
413 1086 715 1138 praetervolet.
755 1088 869 1129 Tum
891 1090 1032 1130 multo
1054 1090 1244 1131 invicem
1265 1091 1412 1131 habito
1433 1103 1644 1140 sermone,
1665 1091 1722 1131 ad

269 1154 543 1203 postremum
579 1153 695 1194 binis
727 1155 921 1196 millibus
957 1157 1214 1198 talentorum
1253 1157 1349 1197 auri
1385 1161 1518 1210 atque
1553 1157 1723 1209 argenti

271 1231 363 1259 rem
386 1218 598 1260 decidunt
616 1234 626 1262 ε
641 1226 659 1249 y
678 1221 797 1274 quod
817 1222 879 1262 uti
901 1222 957 1263 ad
980 1235 1085 1263 suos
1107 1223 1330 1272 referrent,
1347 1222 1493 1264 Graeci
1510 1223 1564 1264 ad
1587 1235 1723 1264 naves

270 1286 442 1327 abeunt.
519 1287 591 1327 Ibi
630 1288 862 1329 conductis
893 1289 1095 1338 ducibus,
1136 1295 1297 1330 cuncta
1326 1289 1444 1330 dicta
1483 1290 1722 1344 gestaque⁸

270 1357 523 1405 exponunt:
547 1354 798 1396 Palladium
820 1356 953 1396 etiam
967 1356 1160 1397 ablatum
1181 1369 1259 1410 per
1269 1355 1533 1397 Antenorem
1547 1356 1722 1398 docent.

270 1420 385 1460 Dein
416 1433 474 1461 ex
507 1422 700 1462 omnium
732 1423 965 1472 sententia,
986 1422 1179 1476 reliquus
1205 1424 1329 1464 miles
1359 1436 1452 1463 rem
1478 1424 1723 1475 cognoscit,

268 1486 348 1538 [9.]
380 1485 451 1527 Ob
472 1500 571 1540 quae
594 1489 742 1542 placet
773 1490 1005 1540 universis,
1026 1490 1139 1530 mitti
1172 1489 1384 1531 Minervae
1405 1490 1564 1531 donum
1587 1504 1721 1545 quam

266 1552 662 1597 honoratissimum.
693 1556 804 1597 Tum
828 1556 997 1597 accitus
1018 1557 1074 1597 ad
1096 1570 1194 1598 eam
1215 1571 1304 1598 rem
1329 1557 1541 1607 Helenus,
1560 1564 1720 1599 cuncta

269 1631 368 1671 quae
389 1619 501 1660 clam
523 1627 601 1660 se9
630 1628 756 1674 gesta
788 1628 925 1672 erant,
948 1636 1001 1663 ac
1033 1623 1069 1663 si
1101 1637 1297 1676 praesens
1329 1623 1545 1674 affuisset,
1570 1623 1720 1665 ordine

270 1686 471 1738 exponit,
494 1687 699 1741 additque
718 1688 849 1730 finem
866 1690 960 1743 Jam
984 1689 1218 1732 advenisse
1237 1691 1529 1745 Trojanarum
1549 1704 1690 1732 rerum
1710 1705 1719 1732 ε

273 1753 441 1806 quippe
477 1766 567 1806 quo
598 1755 792 1796 maxime
828 1760 1146 1797 sustentaretur
1177 1769 1350 1797 summa
1380 1757 1575 1798 civitatis
1605 1757 1719 1811 eju&

271 1819 526 1859 Palladium
556 1820 709 1871 fuisse,
728 1835 816 1875 quo
849 1822 1012 1871 ablato,
1044 1823 1233 1862 exitium
1265 1824 1482 1875 ingruere:
1532 1829 1720 1866 ceterum

269 1887 430 1927 donum
462 1886 677 1929 Minervae
707 1888 843 1930 fatale
872 1889 1079 1942 'I‘rojanis
1109 1902 1223 1941 esse,
1242 1903 1400 1945 equum
1435 1891 1556 1943 ligno
1577 1891 1719 1932 fabre-

875 1985 915 1997 Ν
917 1985 1114 1997 0000000000

269 2047 395 2089 Delph.
414 2049 532 2081 vocula
546 2052 641 2081 a.—7
665 2049 792 2090 Delplr.
816 2051 1062 2082 tentorium—8
1087 2052 1225 2082 Desunt
1247 2052 1280 2083 in
1306 2051 1434 2093 Delph.
1452 2061 1552 2084 voces
1573 2052 1659 2084 dicta
1682 2057 1717 2083 et

271 2195 453 2226 Antenoris
479 2197 601 2237 conjux
629 2196 706 2236 fuit,
726 2198 890 2229 Minervae
917 2208 968 2229 sa·
1022 2200 1096 2240 pius
1113 2209 1154 2230 ex
1172 2209 1237 2240 quo
1251 2198 1398 2239 Tydides
1415 2198 1475 2229 sed
1491 2199 1595 2235 enim,
1611 2200 1719 2231 scele-

271 2246 401 2276 cer-dos.
437 2245 539 2277 Hom.
563 2247 604 2277 11.
628 2251 660 2278 Z.
681 2248 761 2288 Τῇσι
787 2248 877 2288 θύρας
903 2249 970 2288 ὤϊξε
1021 2258 1161 2289 rumque
1182 2250 1340 2279 inventor
1361 2248 1511 2289 Ulysses‚
1527 2249 1645 2280 Fatale
1661 2259 1718 2289 ag-

270 2296 374 2326 Θεανὼ
383 2295 605 2336 καλλιπάρῃος,
618 2297 758 2334 Κισσηῒς,
771 2296 891 2336 ἄλοχος
902 2299 969 2329 Ἀν-
1021 2299 1127 2338 gressi
1142 2303 1274 2330 sacrato
1297 2297 1444 2328 avellere
1460 2299 1589 2337 templo
1606 2299 1720 2329 Palla-

269 2345 398 2385 τήνορος
422 2344 614 2383 ἱπτιόδάμοιο1
635 2345 699 2383 Τὴν
712 2346 773 2386 γὰρ
787 2348 885 2387 Τρῶες
901 2346 969 2385 ἔθη·
1021 2348 1125 2387 dium,
1139 2347 1237 2378 caesis
1253 2356 1392 2377 summae
1406 2346 1603 2377 custodibus
1619 2348 1720 2386 arcia,

271 2407 328 2426 καν
341 2395 500 2432 Ἀθηναίης
520 2394 641 2435 ἱέρειαν.
687 2397 696 2413 ‘
706 2397 766 2427 Eis
783 2396 872 2428 fores
889 2407 969 2438 ape·
1022 2399 1224 2440 Corripuere
1236 2407 1366 2428 sacram
1378 2395 1536 2437 effigiem,
1549 2398 1719 2428 manibus-

271 2447 342 2478 ruit
376 2447 512 2478 Theano
549 2446 709 2486 formosa,
747 2447 851 2478 Cissei
889 2448 969 2486 filia,
1021 2457 1086 2488 que
1123 2447 1272 2479 cruentis
1301 2445 1480 2485 Virgineus
1517 2446 1587 2476 ausi
1617 2447 1717 2479 Divae

271 2505 357 2526 uxor
370 2495 553 2527 Antenoris
568 2497 752 2537 equestris:
767 2497 863 2528 Illam
880 2498 968 2528 enim
1023 2498 1222 2537 contingere
1252 2494 1378 2527 vittas!
1421 2495 1550 2526 Unicus
1585 2495 1718 2531 Snidas,

273 2543 415 2585 Trojani
441 2544 595 2576 fecerant
621 2545 788 2577 Minervae
815 2546 970 2579 sacerdo·
1024 2547 1114 2590 quod
1137 2546 1252 2585 sciam,
1278 2546 1380 2584 Dicty
1403 2549 1519 2576 nostro
1543 2544 1616 2577 fere
1640 2556 1717 2578 con-

274 2593 367 2625 tem!
1023 2598 1141 2634 sentit,
1158 2597 1191 2627 in
1209 2605 1290 2626 voce
1306 2593 1495 2633 Παλλάδιον.

315 2650 335 2664 W
360 2644 412 2675 Ita
432 2642 568 2683 perfecto
583 2645 723 2685 negotio]
764 2645 832 2676 Alii
856 2650 970 2678 tamen
1066 2651 1083 2667 ¹
1106 2645 1272 2686 Exertius]
1297 2644 1482 2676 Audacius,
1510 2644 1588 2677 Jam
1606 2655 1720 2686 supra.

273 2693 347 2724 fere
362 2702 478 2723 omnes
494 2692 645 2732 tradunt,
660 2694 816 2734 Ulyssem
832 2700 869 2727 et
886 2696 970 2727 Dio-
1066 2703 1080 2725 y
1106 2698 1184 2728 Rem
1194 2696 1355 2736 decidunt]
1382 2695 1422 2726 1d
1434 2700 1500 2736 est,
1511 2697 1717 2738 transigunt,

274 2741 406 2772 medem
444 2741 634 2772 Palladium
664 2743 854 2775 abstulisse.
900 2744 969 2776 Adi
1026 2748 1257 2790 paciscuntur,
1272 2746 1443 2778 dirimunt.

275 2792 404 2823 Conon.
417 2796 543 2822 narrat.
559 2793 612 2822 34.
627 2795 664 2823 et
679 2792 799 2833 Virgil.
812 2802 853 2826 11.
877 2794 965 2826 ‘Im-
