1915 3231
660 361 722 391 DE
755 361 925 392 Excm.
957 360 1124 391 TROJAE
1157 360 1354 391 His‘roa.
1647 349 1731 392 :311

275 475 391 516 gum,
423 463 683 516 sapientem,
720 464 866 504 animo
899 476 1122 516 magnum,
1156 462 1383 503 blandum.
1456 462 1732 504 Podalirium

275 542 489 574 crassum,
513 530 748 578 valentem,
772 531 1027 583 superbum,
1049 531 1231 571 tristem.
1294 528 1588 569 Machaonem
1610 542 1733 580 mag-

273 608 395 645 num,
417 596 589 645 fortem,
612 600 793 646 certum,
814 598 1085 650 prudentem,
1107 597 1365 649 patientem,
1385 596 1734 636 misericordem.

274 663 520 703 Merionem
548 662 707 713 rufum,
727 663 940 704 mediocri
962 666 1149 712 statura,
1178 675 1362 715 corpore
1391 662 1590 709 rotundo,
1618 663 1735 702 viro-

271 743 386 779 sum,
407 730 693 783 pertinacem,
714 729 952 778 crudelem,
969 729 1285 783 impatientem.
1344 728 1626 768 Briseidam‡
1649 728 1734 768 for-

271 810 456 843 mosam,
489 797 579 838 alta
604 802 787 847 statura,
813 796 1065 846 candidam,
1097 797 1262 849 capillo
1287 796 1404 837 flavo
1427 800 1472 836 et
1493 795 1632 844 molli,
1661 809 1733 836 su-

272 865 469 918 perciliis
485 865 670 918 junctis,
690 865 836 906 oculis
856 866 1073 914 venustis,
1095 876 1284 917 corpore
1306 862 1487 916 aequali,
1504 862 1730 912 blandam,

270 931 509 981 affabilem,
526 932 836 981 verecundam,
853 933 1001 972 animo
1016 931 1225 984 simplici,
1243 931 1376 984 piam.
1427 929 1536 983 [14]
1558 929 1734 970 Deinde

271 999 414 1039 ornati
438 1010 537 1038 cum
557 999 701 1038 classe
715 996 729 1019 *¹
752 998 902 1039 Graeci
923 996 1120 1039 Athenas
1142 1001 1447 1038 convenerunt.
1496 995 1734 1049 Agamem-

272 1077 359 1105 non
392 1077 447 1105 ex
485 1064 692 1118 Mycenis
725 1065 912 1105 navibus
945 1078 1122 1105 numero
1155 1068 1347 1104 centum.
1409 1062 1639 1103 Menelaus
1674 1075 1734 1102 ex

272 1132 437 1186 Sparta
463 1135 649 1175 navibus
678 1146 858 1174 numero
891 1134 1136 1186 sexaginta.
1197 1131 1458 1172 Arcesilaus
1481 1134 1522 1171 et
1546 1130 1732 1171 Prothe-

270 1199 374 1241 nori
413 1213 473 1241 ex
505 1201 685 1242 Boeotia
720 1200 1055 1254 quinquaginta.
1117 1198 1403 1253 Ascalaphus
1434 1202 1477 1238 et
1507 1197 1732 1239 Ialmenus

270 1281 329 1308 ex
359 1268 637 1309 Orchomeno
667 1268 859 1309 navibus
889 1279 1071 1307 numero
1102 1266 1294 1318 triginta.
1356 1264 1657 1317 Epistrophus
1688 1270 1733 1305 et

271 1334 485 1376 Schedius
507 1349 564 1376 ex
587 1335 782 1376 Phocide
810 1334 1112 1388 quadraginta.
1174 1333 1298 1387 Ajax
1319 1331 1639 1373 Telamoniusk
1676 1345 1732 1372 ex

270 1401 497 1442 Salamina
519 1402 708 1443 adduxit
726 1416 876 1444 secum
897 1402 1119 1442 Teucrum
1150 1401 1349 1441 fratrem:
1382 1399 1523 1449 Elide,
1545 1399 1733 1453 Amphi-

270 1469 493 1518 machum,
517 1469 717 1519 Diorem,
738 1469 993 1523 Thalpium,
1015 1469 1310 1522 Polyxenum,
1329 1467 1522 1508 navibus
1544 1467 1733 1520 quadra-

267 1537 401 1589 ginta.
463 1536 630 1577 Nestor
651 1550 708 1578 ex
732 1537 845 1591 Pylo
867 1537 1056 1577 navibus
1081 1533 1261 1576 LXXX.¹
1306 1534 1458 1575 Thoas
1481 1548 1538 1574 ex
1560 1534 1732 1574 AEtolia

269 1604 460 1644 navibus
490 1614 576 1643 XL.
644 1603 766 1657 Ajax
797 1602 954 1644 Oileus
986 1615 1043 1643 ex
1076 1602 1230 1643 Locris
1266 1602 1454 1642 navibus
1490 1606 1731 1641 ΧΧΧῊΙ.ΠΙ

267 1669 509 1723 AntiphuS,
566 1670 822 1724 Phidippus
863 1673 1023 1714 ΧΧΧ.ΙΙ
1104 1669 1375 1710 Idomeneus
1418 1673 1465 1709 et
1503 1667 1732 1708 Meriones

268 1750 327 1777 ex
355 1736 484 1778 Creta
509 1738 697 1778 navibus
722 1748 890 1778 LXXX.
953 1736 1140 1790 Ulysses
1161 1749 1217 1777 ex
1249 1737 1410 1777 Ithaca
1440 1736 1627 1776 navibus
1656 1749 1734 1776 nu-

267 1818 390 1845 mero
416 1816 512 1847 X11.
575 1805 789 1846 Eumelus
825 1817 883 1846 ex
917 1805 1076 1846 Pheris
1107 1805 1295 1846 navibus
1319 1810 1394 1845 x.¹²
1455 1804 1731 1845 Protesilaus

266 1875 308 1912 et
335 1871 564 1913 Podarces
590 1884 648 1912 ex
675 1872 879 1925 Phylaca
907 1872 1097 1913 navibus
1127 1882 1214 1912 XL.
1290 1871 1546 1912 Podalirius
1567 1876 1611 1912 et
1632 1871 1732 1912 Ma-

267 1938 410 1980 chaon
434 1939 685 1992 AEsculapii
713 1939 795 1980 filii
823 1953 880 1981 ex
908 1939 1041 1980 Trica
1062 1940 1247 1980 navibus
1273 1944 1469 1980 xxX11.⁰
1526 1937 1731 1980 Achilles

266 2018 367 2046 cum
417 2005 631 2047 Patroclo
672 2012 718 2047 et
759 2007 1117 2060 Myrmidonibus
1159 2020 1214 2047 ex
1257 2006 1422 2048 Phthia
1458 2007 1649 2063 navibus
1689 2018 1731 2046 L.

266 2071 556 2126 Tlepolemus
575 2086 632 2114 ex
655 2073 820 2115 Rhodo
843 2075 1029 2115 navibus
1053 2080 1148 2116 rx.¹'
1208 2074 1464 2129 Eurypylus
1483 2087 1542 2115 ex
1564 2074 1730 2115 Orcho-

879 2162 1119 2173 eeeeeeeeeeee

309 2217 323 2250 ss
349 2212 478 2244 Eadem
496 2213 737 2245 terminatione
756 2215 863 2246 utitur
879 2221 915 2246 et
934 2216 1065 2257 Hygin.
1083 2215 1230 2256 Mythol.
1247 2215 1316 2247 fab.
1334 2224 1408 2247 cvr.
1434 2215 1475 2246 ad
1494 2225 1594 2257 quem
1619 2216 1730 2246 locum

264 2256 337 2288 haec
355 2256 430 2297 ipsa
447 2256 548 2288 verba
565 2257 705 2288 Daretis
720 2258 807 2289 citat
824 2258 1068 2300 Muncken—{l
1093 2259 1216 2299 Delph.
1233 2259 1363 2290 naz-ibus
1381 2258 1506 2290 XXX.

924 2343 954 2374 N
961 2343 1064 2374 OTAE

307 2393 321 2414 *¹
341 2394 533 2425 Ornaticum
542 2393 654 2434 classe]
669 2394 725 2425 Sic
739 2405 855 2436 supra,
868 2396 878 2414 ‘
891 2405 968 2427 cum
1024 2401 1100 2427 tuor
1116 2395 1237 2437 reliqui
1253 2395 1357 2427 duces
1381 2405 1495 2427 secum
1520 2405 1623 2427 naves
1647 2406 1730 2437 qua-

262 2444 470 2475 exercitibus
486 2451 522 2475 et
538 2444 703 2475 classibus
720 2445 854 2477 ornati!
879 2447 968 2477 Vide
1024 2446 1192 2485 draginta.

263 2495 309 2525 ibi
326 2499 456 2525 notata.
1064 2496 1072 2517 ¹
1113 2495 1256 2528 Navibus
1285 2495 1452 2535 LXXX]
1492 2495 1661 2527 Homerus
1692 2502 1728 2528 et

308 2543 316 2564 ¹
335 2544 516 2576 Arcesilaus
530 2546 562 2575 et
577 2543 771 2583 Prothenor]
799 2544 884 2576 Cum
902 2545 968 2577 Pe·
1024 2550 1149 2590 Dictys
1166 2548 1363 2589 nonaginta.

263 2595 374 2630 neleo,
391 2595 502 2630 Leito,
528 2599 564 2626 et
585 2594 716 2626 Clonio.
760 2595 818 2626 Ita
842 2596 969 2627 Home-
1067 2605 1088 2619 ¹¹²
1114 2599 1255 2629 Navibus
1271 2597 1489 2638 XXXVII.]
1509 2597 1677 2629 Homerus
1693 2603 1728 2629 et

264 2654 334 2684 rus,
351 2649 388 2677 et
403 2654 445 2676 ex
462 2654 505 2676 eo
522 2645 658 2685 Dictys.
1024 2649 1147 2688 Dictys
1163 2647 1403 2689 qnadraginta.

304 2693 320 2715 Κ
341 2694 429 2735 Ajax
447 2694 658 2734 Telamonius]
694 2694 770 2725 Non
794 2695 892 2725 video
907 2705 967 2725 cur
1064 2704 1079 2718 ¹¹
1104 2698 1248 2729 Navibus
1266 2698 1328 2738 X.]
1358 2697 1511 2729 Navibus
1528 2706 1581 2729 xx.
1599 2698 1727 2731 Home.

262 2745 319 2776 hic
349 2745 443 2777 dicat
479 2746 637 2786 Ajacem,
666 2744 965 2785 Amphimachum,
1020 2759 1078 2780 rus
1094 2754 1129 2780 et
1144 2748 1276 2789 Dictys.

263 2795 421 2834 Diorem,
459 2794 641 2835 Thalpium
681 2799 717 2825 et
752 2795 966 2835 Polyxenum
1064 2804 1078 2819 ⁰
1104 2799 1248 2830 Navibus
1262 2796 1446 2837 XXXIL]
1483 2798 1635 2840 Triginta
1653 2804 1726 2831 tan-

262 2852 377 2875 secnm
400 2843 535 2876 duxisse
557 2854 634 2875 cum
658 2844 801 2875 navibus
823 2845 968 2885 quadra·
1024 2854 1094 2881 tum
1115 2854 1245 2889 ponunt
1261 2849 1403 2881 Homer.
1420 2854 1456 2880 et
1473 2849 1611 2890 Dictys.
1735 2852 1739 2855 '

252 2894 370 2934 ginta.
415 2894 466 2924 Ex
482 2893 637 2925 Homero
659 2894 748 2925 enim
766 2893 854 2935 Ajax
869 2895 966 2927 Tela·
1065 2904 1080 2925 Ρ
1106 2900 1250 2931 Navibus
1265 2899 1353 2940 1X.]
1384 2899 1453 2931 Alii
1475 2903 1554 2932 occo.
1582 2900 1723 2933 Homer.

264 2943 395 2975 monins
406 2953 508 2975 naves
522 2943 619 2975 duxit
631 2943 824 2984 duodecim,
836 2949 871 2977 at
885 2955 965 2986 qua-
1022 2954 1056 2982 et
1074 2951 1212 2992 Dictys.
