1915 3231
298 311 355 349 70
876 319 988 349 ιω).
1022 319 1169 349 siuns

299 417 451 457 Senec.
474 417 698 469 Agamem.
720 418 820 458 527.
841 417 967 470 Virg.
993 430 1024 458 1.
1048 419 1148 458 AEn.
1169 420 1239 459 45.
1273 419 1404 460 Ovid.
1437 419 1481 459 in
1515 418 1627 468 lbin,
1645 417 1745 460 339.

298 483 459 524 Horat.
484 494 536 524 X.
570 483 712 536 Epod.
737 484 802 524 14.
842 483 968 524 Unde
991 485 1144 533 Silius,
1169 496 1274 526 XlV.
1299 485 1453 526 Punic.
1474 484 1574 526 480.

413 549 576 599 Qualis
594 550 783 599 Oilidcs,
805 551 966 591 fulmen
981 552 1206 605 jaculante
1230 552 1429 593 Minerva
1499 598 1502 600 ,

411 615 645 668 Surgentes
666 615 837 657 domuit
858 617 1020 658 fluctus
1043 618 1291 659 ardentibus
1313 619 1440 659 ulnis.

297 685 425 725 Licet
445 683 720 735 naufragium
742 689 941 725 enatasse
963 698 1062 725 eum
1083 685 1202 726 dicat
1221 686 1419 726 Timaeus
1440 686 1627 733 Locrus,
1652 695 1702 724 11.

354 750 489 790 Hunc
510 762 615 789 vero
645 761 703 789 ex
726 751 928 791 omnibus
951 752 1206 792 Graecoruni
1236 752 1439 801 ducibus,
1460 751 1537 805 qui
1567 750 1744 803 Trojam

296 829 622 870 oppugnavere,
664 817 782 869 apud
822 817 987 859 inferos
1027 819 1215 872 torqueri
1253 824 1294 859 et
1334 818 1578 860 excruciari
1613 817 1744 859 docet

295 883 478 924 Luci-an.
500 883 626 924 Hist.
649 883 796 933 Verae‚
820 895 872 925 ιι.

350 950 553 1002 Denique
577 949 734 1002 Ajacis
770 951 903 1003 hujus
933 953 1070 992 nostri
1095 953 1239 1004 imago
1274 958 1345 993 est
1378 966 1435 993 ex
1458 953 1742 994 Locrensium

294 1016 587 1065 Numismate,
618 1016 735 1069 quod
767 1018 1000 1057 exhibetur
1030 1019 1086 1058 ab
1122 1019 1243 1060 Hub.
1274 1019 1470 1069 Goltzio,
1500 1019 1644 1061 Graec.
1673 1019 1742 1059 18.

292 1083 432 1136 qualis
463 1087 509 1123 et
536 1087 602 1123 est
640 1082 949 1136 Opuntiorum,
973 1085 1095 1137 apud
1123 1085 1349 1138 Begerum,
1369 1086 1580 1127 Thesaur.
1604 1087 1742 1127 Bran-

291 1150 389 1190 dcb.
415 1161 445 1189 ι.
465 1150 564 1190 477.
587 1153 630 1190 et
648 1151 919 1192 nominatum
942 1151 1185 1201 Goltzium,
1209 1152 1323 1192 Tab.
1344 1152 1496 1193 citata.

719 1298 805 1340 VI.
869 1299 1325 1342 PHILOCTETES.

806 1388 909 1428 Lm.
935 1399 987 1428 ιι.
1020 1388 1136 1430 CAP.
1160 1390 1230 1429 14.

288 1481 299 1497 ⁶
323 1477 568 1518 Philocteta
590 1490 686 1519 cum
709 1477 878 1531 paucis,
899 1477 962 1516 uti
983 1481 1221 1527 curaretur,
1244 1478 1289 1518 in
1308 1478 1498 1518 insulam
1524 1478 1737 1518 Lemnum

920 1544 1132 1584 mittitur.’

350 1620 717 1670 Pflinoc'rETES,
753 1621 950 1662 Paeantis
972 1621 1104 1671 filius,
1126 1622 1239 1662 inter
1258 1619 1538 1674 Argonautas
1563 1634 1738 1675 quoque

286 1688 463 1728 minime
487 1688 709 1739 ignobilis.
741 1687 845 1728 Val.
867 1688 1020 1727 Flacc.
1039 1686 1276 1740 Argonaut.
1300 1699 1329 1727 ι.
1351 1688 1449 1728 391.

343 1755 411 1804 Ei,
433 1755 586 1795 comiti
606 1767 704 1803 suo,
721 1754 766 1793 in
788 1754 900 1794 OEta
919 1758 1065 1794 monte
1087 1753 1430 1794 concremandus
1447 1766 1591 1794 arcum
1602 1756 1645 1794 et
1666 1765 1737 1793 sa-

284 1821 415 1874 gittas
453 1821 637 1862 dederat
672 1820 889 1860 Hercules
907 1833 918 1870 ;
950 1820 1044 1860 sine
1079 1820 1240 1873 quibus
1276 1819 1458 1873 Trojam
1483 1832 1570 1860 non
1598 1832 1736 1872 posse

283 1888 385 1941 capi
419 1888 602 1928 oracula
639 1886 962 1940 responderant.
1031 1885 1094 1927 At
1131 1890 1441 1926 venenatarum
1479 1885 1735 1938 sagittarum

282 1966 372 1994 una
391 1953 531 2006 ipsius
552 1953 709 2006 pedem
740 1952 852 1993 forte
875 1951 1082 1992 decidens
1105 1951 1338 2001 sauciavit,
1359 1950 1614 2004 Graecique,
1634 1964 1735 1992 cum

282 2033 361 2073 per
381 2020 574 2060 dolorem
608 2019 798 2060 vulneris
818 2019 1024 2071 navigare
1043 2030 1128 2059 non
1150 2023 1320 2071 posset,
1341 2031 1440 2059 eum
1467 2018 1513 2058 in
1542 2018 1734 2059 insulam

282 2087 479 2127 Lemnon
500 2090 809 2140 exposuerunt.

338 2153 609 2194 Philoctetes
646 2153 798 2207 itaque
838 2153 1033 2202 relictus,
1071 2152 1262 2205 aucupio
1302 2151 1559 2204 sagittarum
1594 2149 1733 2192 vitam

280 2219 520 2260 miserrime
541 2232 797 2273 propagare,
827 2232 1153 2274 pennarumque
1185 2221 1395 2259 contextu
1428 2230 1588 2270 corpus
1610 2217 1734 2258 obte-

279 2299 380 2338 gere
413 2290 457 2327 et
494 2287 637 2327 velare
678 2290 858 2327 coactus
896 2286 993 2327 fuit.
1053 2284 1312 2339 SophocleS,
1340 2284 1384 2324 in
1422 2283 1657 2324 Philoctet.
1690 2287 1734 2324 et

277 2343 482 2397 (omissis
500 2353 697 2402 Pindari,
718 2352 957 2403 Theocriti,
980 2351 1241 2393 Philostrati
1271 2351 1506 2404 plurimum
1527 2349 1733 2391 varianti-

279 2420 362 2460 bus
394 2420 739 2470 narrationibus)
769 2419 975 2470 Ovidius,
1004 2419 1179 2473 (videas
1209 2423 1254 2459 et
1282 2427 1398 2458 xlii.
1433 2416 1618 2459 Metam.
1637 2415 1735 2470 452)

282 2497 328 2525 v.
348 2486 486 2527 Trist.
505 2486 545 2527 1.
575 2485 685 2538 eleg.
700 2488 741 2526 5.

451 2552 556 2593 Hoc
577 2557 673 2593 erat
694 2553 738 2592 in
759 2552 902 2606 gelido
923 2565 1060 2605 quare
1080 2552 1307 2594 Paeantius
1330 2555 1456 2591 antro

508 2618 634 2659 Voce
656 2619 861 2671 fatigaret
882 2619 1063 2660 Lemnia
1084 2630 1198 2659 saxa
1220 2630 1313 2658 sua.

336 2684 611 2726 Philoctetes
628 2691 778 2727 autem
799 2691 965 2735 noster,
987 2685 1147 2726 sedens
1167 2689 1228 2734 et,
1250 2683 1313 2724 uti
1330 2682 1514 2731 videtur,
1535 2694 1729 2736 conque-

279 2764 390 2799 γους,
414 2751 585 2800 Liceto,
607 2752 740 2793 immo
760 2754 894 2794 etiam
916 2752 1159 2801 Gronovio,
1180 2749 1512 2803 Dactyliothec.
1548 2760 1600 2789 11.
1631 2750 1730 2792 538.

281 2816 408 2859 Gem.
431 2822 496 2858 cst
516 2819 642 2860 miles
664 2820 913 2872 sagittarius
952 2820 1090 2861 atroci
1111 2818 1232 2859 bello
1264 2820 1503 2871 supersteS,
1520 2816 1664 2858 nudus
1684 2822 1729 2858 et
