1915 3231
581 278 644 306 DE
677 276 834 306 nanno
865 275 1090 306 TRosANo
1125 277 1217 307 me.
1249 277 1300 306 11.
1575 264 1658 306 151

219 383 316 421 cum
340 371 531 412 animis-4
560 371 732 419 vestris,
752 375 919 424 quanta
951 369 1139 420 clades,0
1172 374 1215 411 et
1248 371 1385 412 veluti
1419 371 1657 422 contagio?

217 438 402 490 hujusce
442 438 633 488 exempli
672 438 822 478 orbem
856 442 1067 479 terrarum
1103 443 1380 490 occupatura
1418 437 1488 477 sit.
1547 436 1660 487 Quis

217 505 327 544 euim
350 504 544 558 posthac,
566 505 639 546 cui
659 505 784 546 virile
806 505 1030 558 negotium
1051 509 1154 551 est,q
1182 504 1441 545 recordatus
1462 503 1660 544 Alexan-

217 570 283 611 dri
314 572 499 622 facinus,
521 584 610 612 non
631 572 779 612 omnia
801 576 1015 624 suspecta
1036 574 1167 624 atque
1195 569 1409 610 insidiosa
1435 570 1490 609 ab
1513 569 1658 610 amico

215 642 403 678 metuere
435 639 646 691 cogetur?
706 637 802 679 Aut
831 639 931 691 quis
968 637 1102 678 frater
1131 636 1254 677 fratri
1289 635 1458 677 aditum
1489 635 1661 688 patefa-

217 703 332 744 ciet?
391 703 505 754 Quis
526 705 742 759 hospitem
773 710 850 746 aut
870 709 1107 757 cognatum
1136 716 1221 744 non
1253 706 1462 756 tanquam
1493 702 1661 742 hostem

216 771 425 812 cavebit?
486 772 689 825 Denique
711 773 749 813 si
768 772 867 822 hoc,
888 771 1007 826 quod
1027 771 1147 811 haud
1178 783 1323 824 spero,
1353 768 1661 823 probaveritis,

216 838 364 879 omnia
382 838 562 880 foederis
584 839 690 893 jura
720 852 773 881 ac
803 840 983 894 pietatis
1002 838 1121 892 apud
1143 838 1366 878 Barbaros
1387 840 1430 877 et
1450 834 1633 876 Graecos
1647 840 1661 857 ¹

215 905 372 946 clausa
390 911 527 946 erunt.
587 905 826 957 Quocirca,
852 905 1036 959 Trojani
1071 904 1309 958 principes,
1340 905 1503 944 bonum
1523 907 1660 954 atque

214 971 320 1011 utile
338 976 420 1020 est,
441 971 642 1021 Graecos,
664 972 853 1026 receptis
873 971 1105 1020 universis,
1127 984 1227 1024 quae
1249 984 1328 1024 per
1359 971 1448 1011 vim
1480 972 1660 1009 extorta

216 1043 335 1085 sunt,
357 1039 511 1087 amice,
533 1043 663 1093 atque
685 1040 748 1080 uti
769 1052 851 1092 par
870 1043 955 1087 est,
976 1038 1153 1078 domum
1175 1037 1373 1086 dimitti,⁵
1394 1049 1534 1089 neque
1555 1047 1659 1087 ope-

214 1105 289 1145 riri
303 1106 449 1158 quoad
465 1105 482 1131 ⁶
503 1106 590 1147 duo
607 1118 738 1158 regna
758 1107 868 1146 inter
888 1118 935 1145 se
956 1104 1226 1145 amicissima
1239 1116 1394 1144 manus
1412 1106 1658 1143 conserant.

217 1169 331 1220 Quae
346 1185 444 1213 cum
460 1173 706 1221 considero,
719 1171 949 1213 dolendam
962 1171 1154 1212 hercule⁷
1175 1171 1317 1212 vicem
1330 1173 1515 1210 vestram
1532 1173 1658 1222 puto,

220 1239 296 1290 qui
326 1239 495 1280 innoxii
523 1243 566 1279 et
593 1239 738 1292 culpae
762 1238 860 1292 ejus
891 1238 1036 1283 vacui,
1057 1237 1152 1277 nati
1188 1249 1432 1290 paucorum
1458 1235 1659 1285 libidini‚⁵

217 1305 350 1356 paulo
372 1309 477 1358 post
496 1305 625 1345 alieni
646 1305 827 1345 sceleris
845 1316 1000 1357 poenas
1020 1304 1166 1344 subire
1189 1303 1423 1357 cogemini.
1483 1302 1555 1342 An
1577 1315 1658 1342 vos

216 1371 301 1410 soli
321 1371 544 1423 ignoratis,
576 1378 626 1412 ut
659 1371 830 1411 affectae
865 1370 950 1410 sint
981 1370 1140 1410 vicinae
1171 1374 1305 1422 atque
1338 1369 1495 1410 amicae
1531 1368 1659 1409 vobis

216 1437 433 1486 civitates,
452 1438 462 1460 t
491 1439 561 1478 vel
599 1451 700 1491 quae
740 1436 882 1477 indies
922 1435 1112 1476 residuis
1148 1436 1476 1489 praeparentur?
1537 1435 1659 1475 Nam

214 1508 393 1556 captum
417 1504 702 1557 Polydorum,
722 1508 853 1556 atque
875 1502 993 1555 apud
1013 1501 1199 1543 Graecos
1219 1502 1403 1550 retineri,
1434 1501 1658 1554 cognitum

212 1570 338 1610 vobis
357 1574 447 1611 est:
478 1571 569 1624 qui,
591 1571 629 1610 si
652 1570 828 1610 Helena
847 1581 945 1609 cum
967 1568 1165 1621 abreptis
1196 1580 1311 1608 nunc
1343 1567 1502 1608 saltem
1533 1579 1657 1607 revo-

213 1627 347 1686 cetur,
357 1636 595 1678 inviolatus
611 1636 786 1676 Priamo
807 1634 982 1675 restitui
999 1635 1189 1687 poterit:
1210 1635 1299 1675 alio
1316 1633 1474 1688 pacto8
1495 1634 1658 1676 bellum

817 1752 1055 1765 eeeeeeeeeeee

208 1831 469 1863 consumma-4
487 1831 670 1863 Omittitur
686 1831 804 1861 vocula
821 1840 888 1861 cum
904 1835 982 1861 ante
997 1830 1111 1861 animis
1127 1830 1158 1860 in
1173 1830 1360 1870 Delpl1.—5
1380 1829 1502 1868 Delpli.
1517 1829 1658 1860 initii.—

208 1876 229 1905 6
253 1874 375 1915 Delph.
402 1877 510 1906 neh—7
537 1874 660 1914 Delph.
686 1874 941 1905 Mehercule.—8
965 1874 1090 1914 Delpli.
1111 1873 1324 1913 alioquim—9
1348 1873 1476 1913 Delph.
1512 1873 1598 1903 vobis
1623 1874 1657 1904 in

862 1980 1005 2012 NOTAE

248 2061 263 2076 ⁰
287 2056 412 2091 Quanta
434 2058 546 2096 clades,
571 2061 601 2088 et
623 2058 720 2088 veluti
741 2057 900 2098 contagio]

208 2105 371 2137 Profecto
386 2107 439 2137 vel
467 2107 728 2146 expungendum
752 2107 833 2138 illud
859 2110 902 2142 et,

206 2155 260 2186 vel
285 2154 490 2194 addendum,
514 2156 610 2194 ‘qua‘
636 2161 762 2196 quanta
788 2155 903 2187 clades

205 2209 240 2233 et
257 2213 332 2244 quae
358 2205 462 2235 veluti
483 2204 666 2244 contagio?
709 2204 803 2236 Nihil
828 2214 901 2235 cer-

206 2253 283 2283 tius.

248 2307 264 2328 Ρ
282 2303 451 2344 Contagio]
475 2304 622 2344 Proprie
639 2304 810 2345 contagio,
828 2304 899 2335 sive

206 2354 395 2395 contagium,
408 2359 462 2386 est
477 2355 692 2395 conjunctim
711 2355 769 2386 sed
789 2356 828 2385 ad
845 2365 900 2385 vr-

205 2413 304 2444 nena,
325 2409 362 2435 et
386 2404 533 2443 morbos,
549 2410 584 2436 et
602 2405 666 2435 alia
689 2406 902 2443 translatum,

204 2463 277 2493 quae
293 2454 460 2494 serpendo
476 2459 634 2485 contactu
651 2464 712 2485 suo
733 2453 900 2485 inficiunt.

202 2504 291 2535 Vide
327 2504 513 2536 doctissimi
550 2505 691 2536 Dacerii
731 2510 827 2536 notas
866 2505 898 2534 in

206 2554 298 2584 Fest.

245 2608 260 2629 ‘1
285 2604 347 2634 Cui
361 2604 451 2635 virile
465 2604 623 2642 negotium
639 2604 700 2644 est]
735 2605 790 2635 Ita
811 2604 899 2635 libri.

203 2653 279 2684 Hoc
296 2659 363 2692 est,
389 2654 443 2684 cui
467 2654 557 2685 domi
583 2664 678 2686 uxor.
701 2654 829 2684 ‘Virile
849 2654 897 2684 in-

204 2703 336 2743 genium
347 2703 356 2715 '
371 2704 633 2744 rescripseram,
649 2704 741 2744 quasi
758 2703 898 2734 haberet

204 2762 223 2782 a
250 2753 420 2793 Sallustio,
457 2755 546 2794 apud
579 2764 690 2794 quem,
727 2754 760 2785 in
793 2754 896 2786 Catil.

205 2803 214 2819 ‘
228 2803 311 2835 Quis
328 2804 531 2843 mortalium,
543 2804 598 2835 cui
613 2804 710 2835 virile
727 2804 897 2844 ingenium

957 2060 1023 2094 est,
1046 2055 1193 2086 tolerare
1220 2058 1335 2095 potest
1360 2052 1423 2084 illis
1447 2052 1585 2084 divitias
1600 2063 1655 2084 su-

957 2104 1113 2146 perare?‘
1159 2104 1207 2135 At
1231 2103 1284 2135 hic
1309 2103 1431 2134 ‘virile
1460 2103 1629 2142 ingenium
1645 2101 1655 2115 ’

955 2155 1065 2186 minus
1083 2155 1241 2195 quadrat,
1260 2163 1336 2184 curn
1351 2152 1497 2184 formido
1521 2157 1557 2183 et
1582 2162 1654 2184 sus·

956 2206 1045 2246 picio
1065 2207 1108 2236 sit
1129 2203 1240 2245 potius
1255 2203 1432 2235 mulierum
1449 2213 1547 2244 quam
1565 2204 1653 2234 viro-

956 2265 1041 2287 rum.
1075 2255 1236 2287 Quamvis
1251 2258 1286 2285 et
1303 2254 1462 2293 virorum,
1477 2263 1541 2284 non
1559 2258 1653 2285 certe

954 2307 1010 2342 τῆς
1022 2305 1153 2344 ἀνδρίας.

996 2360 1008 2375 r
1030 2356 1123 2395 Apud
1139 2355 1298 2386 Barbaros
1313 2357 1344 2385 et
1362 2352 1504 2392 Groecos]
1535 2353 1653 2385 Graeei

954 2407 1097 2447 populos
1109 2414 1237 2443 omnes,
1247 2404 1303 2445 qui
1316 2403 1432 2435 Graeci
1445 2413 1510 2433 uon
1525 2408 1652 2442 essent,

955 2456 1122 2487 vocabant
1150 2455 1332 2492 Barbaros,
1361 2454 1527 2494 Trojanos
1552 2454 1651 2485 iutel-

952 2507 1019 2546 lige.
1036 2510 1071 2537 et
1086 2505 1252 2536 Asiaticos
1269 2513 1395 2535 omnes.

996 2561 1006 2575 ⁵
1032 2556 1111 2586 Nati
1134 2564 1301 2594 paucorum
1324 2552 1464 2592 libidini]
1490 2553 1547 2584 Ita
1572 2553 1651 2585 libri

953 2610 1099 2636 veteres.
1135 2603 1408 2643 Elegantissime.
1445 2602 1484 2632 Id
1502 2607 1566 2642 est,
1582 2604 1650 2634 Ex-

953 2655 1069 2695 positi,
1086 2653 1223 2684 obnoxii
1243 2652 1375 2682 libidini
1393 2661 1587 2692 paucorum.

994 2704 1003 2724 ²
1032 2704 1151 2735 Vicinae
1166 2706 1257 2742 atque
1270 2703 1378 2732 amica>
1393 2701 1478 2732 vobis
1491 2702 1650 2742 civitates]

951 2755 1044 2787 Quas
1058 2753 1207 2785 Achilles
1223 2757 1259 2784 et
1272 2751 1360 2793 Ajax
1371 2751 1647 2793 devastaverunt,

952 2803 1094 2835 scilicet.
