1915 3231
261 339 345 381 330
758 352 972 384 DARE'HS
1007 353 1214 384 mistro-11

261 444 421 485 fratres
442 443 698 496 ulciscatur,
719 445 904 488 insidias
923 446 1088 490 Achilli
1107 448 1259 498 faciat,
1293 453 1338 490 et
1366 462 1465 490 eum
1497 461 1579 490 nec
1612 448 1707 501 opi-

261 514 437 551 nantem
460 511 661 553 occidat:
693 515 902 566 quoniam
935 515 991 555 ad
1025 527 1073 555 se
1103 514 1288 564 miserit,
1325 519 1369 555 et
1405 514 1625 567 rogaverit
1658 517 1709 555 ut

263 576 350 617 sibi
371 577 600 630 Polyxena
620 580 664 620 in
681 580 962 622 matrimonio
986 581 1176 632 daretur,
1206 594 1255 622 se
1277 581 1333 622 ad
1353 594 1452 622 eum
1472 581 1708 622 missuram

262 642 430 684 Priami
449 644 614 693 verbis,
635 654 685 686 ut
706 659 860 700 pacem
880 647 1116 701 foedusque
1137 648 1248 689 inter
1269 660 1318 688 se
1339 647 1523 698 firment,
1544 647 1708 688 consti-

262 713 474 763 tuantque
503 710 547 750 in
581 711 685 752 fano
716 712 937 767 Apollinis
972 715 1245 768 Thymbraei,
1276 720 1379 755 ante
1414 719 1621 768 portam:
1651 726 1706 754 eo

261 775 479 817 Achillem
509 782 756 829 venturum,
789 780 1131 822 collocuturum:
1162 781 1224 822 ibi
1259 780 1445 821 insidias
1477 779 1704 821 collocari:

262 843 374 883 satis
414 843 519 884 vitae
554 856 646 884 suae
679 857 774 886 esse
812 847 851 886 si
886 859 986 886 eum
1021 847 1257 888 occiderit:
1289 847 1408 901 quod
1449 847 1707 888 temerarius

260 907 515 950 Alexander
532 914 638 959 erat,
660 911 750 952 cito
771 925 818 953 se
837 912 1039 965 promisit
1057 912 1292 954 facturum.
1353 913 1506 954 Noctu
1536 913 1707 954 ducun-

261 978 330 1016 tur
350 975 404 1016 de
424 977 620 1017 exercitu
642 977 882 1028 fortissimi,
903 983 947 1020 et
966 980 1012 1020 in
1033 980 1136 1020 fano
1156 977 1382 1032 Apollinis
1402 980 1704 1021 collocantur:

260 1042 434 1094 signum
465 1043 703 1096 accipiunt.
765 1045 955 1086 Hecuba
984 1045 1039 1086 ad
1069 1045 1307 1095 Achillem,
1342 1045 1508 1086 Priami
1543 1045 1705 1095 verbis,

260 1109 396 1149 sicuti
417 1110 690 1156 condixerat,
711 1112 906 1152 nuntium
933 1111 1084 1152 mittit.
1141 1111 1346 1153 Achilles
1365 1112 1512 1159 laetus,
1535 1112 1704 1165 Polyx-

259 1188 388 1216 enam
417 1188 581 1225 amans‚
602 1180 779 1229 postera
799 1177 871 1217 die
894 1177 951 1217 ad
971 1177 1119 1218 fanum
1141 1191 1189 1218 se
1210 1182 1438 1219 venturum
1463 1178 1707 1220 constituit.

260 1240 320 1281 Et
338 1241 587 1294 insequenti
608 1242 680 1283 die
703 1255 804 1283 cum
824 1242 1066 1284 Antilocho
1087 1244 1178 1284 filio
1209 1243 1417 1285 Nestoris
1449 1243 1505 1284 ad
1538 1244 1703 1285 consti-

261 1311 400 1348 tutum
422 1309 554 1356 venit,
574 1308 798 1362 simulque
816 1313 866 1350 ut
883 1310 1078 1351 introivit
1094 1310 1138 1350 in
1158 1310 1325 1359 fanum,
1355 1322 1414 1351 ex
1445 1309 1617 1351 insidiis
1632 1323 1706 1352 oc-

260 1379 446 1417 currunt.
505 1375 715 1429 Undique
745 1377 836 1418 tela
856 1377 1158 1430 conjiciuntzp
1188 1391 1265 1418 eos
1297 1376 1426 1418 Paris
1446 1376 1705 1418 Alexander

259 1442 474 1483 hortatur.
540 1442 741 1484 Achilles
777 1456 878 1484 cum
908 1442 1166 1494 Antilocho,
1200 1443 1384 1484 brachio
1419 1443 1595 1484 sinistro
1630 1456 1706 1485 co-

259 1513 427 1562 operto,
449 1509 604 1550 dextro
621 1522 767 1550 ensem
789 1514 960 1560 tenens,
981 1510 1088 1551 facit
1108 1511 1337 1564 impetum.
1381 1509 1578 1551 Achilles
1597 1511 1707 1551 mul-

259 1580 330 1617 tos
363 1576 543 1618 occidit.
601 1576 857 1617 Alexander
885 1576 1169 1618 Antilochum
1202 1581 1246 1618 et
1269 1576 1521 1618 Achillemq
1557 1576 1706 1618 multis

259 1643 421 1697 plagis*
443 1643 655 1685 confodit.
715 1643 787 1684 Ita
807 1642 1003 1683 Achilles
1022 1656 1080 1684 ex
1099 1643 1284 1693 insidiis,
1314 1643 1602 1697 nequicquam
1622 1644 1708 1684 for-

260 1710 361 1751 titer
391 1710 570 1760 faciens,
598 1711 788 1751 animam
822 1710 990 1751 amisit:
1021 1723 1152 1764 quem
1182 1709 1441 1751 Alexander
1470 1709 1629 1751 auferri
1662 1714 1707 1752 et

260 1777 513 1818 volucribus
533 1777 691 1831 projici
704 1777 852 1831 jubet.
908 1777 963 1817 Id
984 1790 1037 1818 ne
1057 1778 1182 1818 fieret
1203 1776 1404 1818 Helenus
1424 1777 1566 1817 multa
1584 1790 1705 1818 com-

259 1857 510 1885 memorans
530 1844 746 1898 prohibet,
768 1848 811 1885 et
832 1856 909 1884 eos
931 1843 986 1885 de
1006 1843 1107 1885 fano
1129 1844 1229 1897 ejici
1243 1843 1387 1897 jubet,
1405 1848 1448 1884 et
1464 1843 1558 1884 suis
1576 1844 1704 1885 tradi.

259 1909 478 1951 Achillem
498 1916 542 1952 et
565 1909 854 1951 Antilochum
889 1910 935 1950 in
965 1913 1111 1951 castra
1132 1910 1331 1951 afferunt.
1394 1909 1705 1962 Agamemnon

259 1977 483 2019 Achillem
504 1976 737 2030 magnifico
755 1975 907 2017 funere
928 1976 1079 2017 effert:
1097 1982 1139 2017 et
1162 1980 1205 2017 ut
1222 1976 1475 2029 sepulcrum
1492 1976 1534 2016 ei
1550 1976 1704 2026 saciat,

260 2056 288 2085 a
325 2044 500 2085 Priamo
540 2043 742 2085 inducias
789 2043 916 2096 petit,
963 2043 1114 2097 ibique
1164 2042 1296 2083 ludos
1336 2041 1538 2083 funebres
1577 2042 1705 2084 facit.

259 2110 369 2164 [35]
419 2111 594 2152 Deinde
633 2109 872 2150 concilium
913 2113 1130 2151 convocat
1148 2124 1158 2150 ε
1207 2108 1401 2162 Argivos
1437 2108 1704 2163 alloquitur;

259 2177 406 2230 placet
426 2178 630 2219 omnibus
649 2179 698 2217 ut
719 2176 824 2229 quid
853 2176 1060 2217 faciendo
1082 2189 1198 2230 opus
1230 2176 1288 2216 sit
1307 2175 1384 2216 Dii
1406 2176 1704 2218 consulantur.

261 2243 442 2285 Mittunt
463 2244 665 2285 continuo
687 2244 761 2296 qui
781 2244 1010 2284 consulere
1031 2243 1244 2284 debeant:
1266 2243 1342 2296 qui
1358 2255 1614 2295 responsum
1630 2255 1705 2284 ac-

261 2310 460 2362 cipiunt,S
489 2323 565 2363 per
583 2309 776 2350 Achillis
797 2310 1046 2363 progeniem
1078 2309 1206 2349 finem
1241 2309 1402 2360 negotii
1422 2308 1528 2348 fieri.
1588 2307 1701 2348 Cum

260 2376 356 2418 haec
378 2377 519 2417 nuntii
549 2377 816 2426 retulissent,
837 2375 960 2430 Ajax
981 2376 1071 2418 ait:
1103 2389 1202 2416 cum
1224 2374 1387 2415 Achilli
1408 2374 1526 2415 filius
1548 2374 1702 2427 Neop-

260 2443 446 2484 tolemus
475 2443 679 2497 supersit,
720 2456 820 2484 eum
854 2447 1056 2497 oportere
1091 2442 1298 2483 accersiri
1332 2441 1391 2482 ad
1437 2441 1700 2490 exercitum,

913 2561 1056 2593 NOTAE

301 2631 317 2652 Ρ
338 2626 481 2666 Undique
496 2625 556 2656 tela
570 2623 752 2664 conjiciunt]
767 2623 880 2656 Aliter
891 2624 955 2656 hoc
1009 2624 1137 2656 minato
1152 2624 1224 2655 ictu
1241 2622 1406 2654 Achillem
1422 2619 1623 2652 confossum.

259 2681 375 2708 narrat
393 2676 528 2715 Dictys,
543 2684 643 2715 quem
658 2674 734 2705 vide
750 2684 798 2706 iv.
817 2677 870 2705 ll.
1051 2679 1063 2694 ⁵
1089 2673 1152 2708 Qui
1164 2682 1343 2713 responsum
1354 2669 1523 2710 accipiunt]
1541 2669 1702 2702 Aliiscri-

300 2732 315 2753 ¹1
337 2726 535 2757 Antilochum
549 2728 580 2756 et
592 2724 760 2766 Achillem]
776 2724 844 2756 Sed
856 2724 955 2756 Anti·
1008 2723 1104 2759 bunt,
1119 2723 1289 2754 Helenum
1310 2721 1454 2752 edixisse
1470 2720 1600 2751 Graecis
1616 2719 1703 2761 fore,

257 2777 392 2808 lochum
408 2786 428 2807 a
440 2776 623 2806 Memnone
638 2776 787 2807 occisum
803 2780 953 2815 narrant,
1007 2779 1044 2805 ut
1068 2784 1129 2815 per
1151 2772 1416 2813 Neoptolemum
1437 2770 1540 2811 Troja
1562 2779 1703 2810 capere-

260 2826 403 2857 Homer.
427 2825 562 2865 Dictys,
577 2828 612 2855 et
625 2825 681 2855 alii
698 2834 824 2856 omnes.
1006 2829 1072 2856 tur.
1119 2823 1277 2864 Sophocl.
1294 2822 1328 2853 in
1341 2821 1525 2853 Philoctet.
1548 2820 1702 2858 Tzetzes‚

302 2881 314 2896 ¹
337 2875 451 2906 Multis
461 2874 579 2914 plagis]
609 2874 729 2914 Dictys
751 2874 870 2906 scribit
892 2884 949 2915 ge·
1004 2875 1036 2905 in
1055 2873 1219 2914 Lycophr.
