1915 3231
287 300 373 341 204
754 305 965 338 nlc‘rYos
1000 304 1273 336 cRE'rENffls

287 402 461 452 suisset,
489 399 696 442 domum⁶
726 399 783 441 ad
804 398 1077 440 necessarios
1108 408 1256 437 eorum
1290 395 1543 449 perferrent.
1605 394 1737 436 Post-

288 481 418 522 quam
440 467 631 509 certandi
653 467 1019 520 praemiorumque
1040 463 1139 504 finis
1159 463 1325 512 factus,
1347 465 1390 502 et
1405 461 1502 514 jam
1523 460 1612 502 diei
1633 474 1737 502 ves-

288 549 368 590 per
387 540 492 585 erat,
511 534 567 575 ad
589 546 671 575 sua
686 533 875 587 quisque
895 531 1083 572 tentoria
1103 530 1364 571 discessere.
1410 528 1520 580 [20]
1541 527 1602 568 At
1620 527 1737 569 lucis

288 599 547 656 principio,¹³
576 601 782 642 Priamus
814 599 988 651 lugubri
1020 601 1141 639 veste
1175 595 1427 637 miserabile
1466 599 1625 644 tectus,
1663 594 1737 635 cui

290 669 431 718 dolor,
460 681 546 709 non
577 667 715 709 decus
745 666 923 718 regium,
953 678 1041 706 non
1071 664 1209 705 ullam
1242 664 1355 704 tanti
1388 662 1578 703 nominis
1600 666 1737 714 atque

288 735 419 776 famae
441 735 633 788 speciem
649 734 862 787 reliquam
878 732 1059 783 fecerat,
1073 731 1278 773 manibus
1295 730 1508 783 vultuque
1524 727 1738 782 supplici-

289 801 373 842 bus
395 801 453 842 ad
475 800 696 842 Achillem
718 800 859 841 venit:
892 812 980 852 quo
1001 812 1100 839 cum
1123 796 1467 847 Andromacha,c
1487 808 1574 836 non
1596 795 1738 835 minor

290 881 421 921 quam
455 867 500 908 in
530 865 740 908 Priamod
772 866 1022 908 miseratio:
1057 879 1111 906 ea
1130 865 1298 918 quippe
1319 864 1567 905 deformata
1588 861 1737 902 multi-

290 934 400 987 plici
417 934 563 984 modo,
581 932 874 987 Astyanacta,
890 945 1019 985 quem
1039 931 1238 972 nonnulli
1253 929 1569 971 Scamandrum
1585 927 1738 981 appel-

288 999 474 1050 labant,⁶
496 1005 539 1040 et
559 1000 894 1049 Laodamanta,e
922 998 1131 1052 parvulos
1158 996 1397 1038 admodum
1420 996 1552 1044 filios,
1573 1007 1665 1048 pree
1687 1006 1736 1034 se

288 1067 472 1116 habens,
498 1067 586 1119 regi
617 1065 915 1118 adjumentum
946 1063 1213 1117 deprecandi
1245 1064 1431 1112 aderat,⁷
1467 1063 1544 1116 qui
1577 1074 1740 1102 moero-

287 1133 411 1173 ribus
431 1133 640 1186 senioque
661 1132 913 1185 decrepitus
944 1131 1050 1172 filiae
1083 1131 1325 1185 Polyxenae
1357 1129 1548 1170 humeris
1579 1128 1738 1168 innite-

288 1201 439 1240 batur:
474 1200 767 1252 sequebantur
805 1199 1007 1240 vehicula
1042 1197 1176 1251 plena
1215 1194 1337 1238 aurif
1379 1201 1510 1249 atque
1550 1194 1732 1246 argenti,

288 1266 586 1320 preciosaeque
605 1265 754 1315 vestis,
777 1278 876 1306 cum
898 1278 1031 1318 super
1051 1277 1224 1305 murum
1247 1264 1555 1318 despectantes
1576 1260 1736 1314 Troja-

892 1381 1128 1393 ,,,,,,,,,,,,

286 1461 430 1496 secundo,
446 1463 481 1490 et
505 1468 582 1489 mox
611 1458 720 1490 tertio,
746 1462 783 1489 et
811 1466 888 1488 mox
917 1466 979 1498 pro
1003 1458 1137 1497 domum,
1163 1457 1352 1488 domum—6
1376 1455 1500 1496 Delph.
1527 1455 1739 1494 appellant.—

937 1553 1078 1585 NOTAE

1039 1626 1253 1659 sordescunt.

1083 1681 1097 1697 0
1132 1675 1361 1716 Laodamanta]
1407 1673 1567 1705 Hectoris
1600 1676 1636 1704 et
1668 1671 1739 1703 An-

331 1630 346 1650 ὓ
369 1629 415 1661 At
429 1628 506 1659 lucis
528 1627 697 1668 principio]
720 1628 890 1659 Homerus
905 1627 985 1658 scri-

288 1679 351 1715 bit,
363 1679 534 1710 Priamum
545 1678 646 1708 ivisse
660 1677 700 1708 ad
715 1687 818 1707 naves
831 1677 986 1717 cumjam

287 1729 426 1760 adesset
442 1736 582 1768 vesper;
600 1737 674 1758 nam
688 1732 722 1758 et
736 1727 902 1758 Achillem
919 1736 985 1757 coe-

289 1782 426 1809 nantem
452 1777 592 1807 invenit.
636 1776 774 1807 Servius
798 1777 857 1817 ait,
883 1776 984 1807 etiam

289 1827 512 1858 dormientem
541 1825 704 1856 Achillem
731 1826 904 1856 inventum
933 1825 985 1856 fu-

289 1877 372 1915 isse3
389 1876 398 1892 ‘
411 1875 591 1914 Prian1us‚'
607 1875 728 1915 iuquit,
743 1876 838 1906 ‘cum
853 1875 894 1906 ad
908 1885 985 1915 sup-

289 1925 484 1966 plicandum
506 1925 688 1956 tentorium
707 1924 850 1956 Achillis
867 1923 988 1956 fuisset

289 1977 471 2016 ingressus,
496 1974 720 2005 dormientem
737 1973 904 2005 Achillem
929 1984 986 2005 ex·

289 2024 426 2063 citavit,
448 2028 486 2055 ut
512 2033 574 2064 pro
597 2023 658 2054 filii
682 2033 825 2064 corpore
851 2029 986 2064 rogaret

289 2084 380 2114 eum,
403 2084 480 2105 cum
507 2083 583 2104 eum
610 2074 777 2114 potuisset
808 2074 986 2112 occidere;

289 2125 372 2155 licet
397 2123 461 2154 hoc
484 2123 667 2158 Homerus,
691 2127 831 2163 propter
849 2123 987 2154 Achillis

290 2173 550 2214 turpitudinem,
569 2171 781 2213 supprimat-²
825 2172 894 2204 Sed
920 2173 986 2203 vel-

289 2227 356 2256 lem
370 2225 472 2262 scire,
489 2224 578 2254 uude
595 2224 656 2254 hoc
673 2223 823 2255 Servius.

332 2279 346 2295 ⁰
371 2275 439 2310 Quo
454 2283 522 2304 cum
534 2272 766 2313 Andromacha]
790 2272 838 2304 At
855 2281 897 2303 ex
914 2271 986 2318 Hp-

289 2333 384 2355 mero
407 2323 564 2354 Priamus
589 2323 757 2353 neminem
774 2322 838 2353 sibi
860 2321 986 2353 socium

290 2374 421 2408 ascivit,
453 2377 580 2413 praeter
614 2372 743 2403 Idaeum
781 2381 986 2412 praeconem,

290 2424 346 2464 qui
370 2433 505 2454 currum
526 2422 677 2461 regebat.
721 2423 874 2453 Tertium
892 2421 988 2453 addit

290 2473 500 2504 Mercurium
526 2472 709 2512 Homerus,
735 2471 850 2513 aitque
879 2472 921 2502 ab
945 2481 986 2502 eo

289 2524 464 2554 Priamum
495 2521 693 2559 deductum,
721 2521 772 2552 ita
801 2526 838 2552 ut
868 2520 988 2561 vigiles

288 2574 448 2604 latuerit:
473 2571 562 2602 unde
586 2571 709 2603 Horat.
733 2571 776 2602 de
803 2571 988 2606 Mercurio,

290 2634 314 2655 1.
329 2625 396 2655 011.
414 2626 466 2654 10.
480 2623 488 2639 ‘
505 2622 595 2654 Quin
611 2626 645 2652 et
662 2620 816 2656 Atridas,
834 2621 920 2653 duee
941 2627 987 2657 te,

289 2674 466 2715 superbos,
489 2673 553 2704 llio
569 2671 663 2703 dives
681 2671 838 2702 Priamus
856 2673 989 2712 relicto,

290 2724 537 2761 Thessalosque
564 2721 658 2761 ignes
681 2725 716 2751 et
740 2720 855 2761 iniqua
875 2721 986 2762 Trojae

293 2774 414 2804 Castra
431 2770 576 2802 fefellit!

334 2822 347 2842 ¹¹
374 2822 443 2851 Non
461 2821 560 2851 minor
576 2829 665 2859 quum
681 2819 713 2850 in
731 2819 876 2859 Priamo]
902 2820 987 2852 Harc

1040 1726 1231 1757 dromachae
1260 1725 1381 1763 filium,
1414 1722 1649 1754 Laodamanta
1680 1733 1739 1753 no-

1039 1776 1143 1815 mine,
1173 1776 1300 1806 nullum
1328 1773 1453 1805 inveni.
1513 1771 1739 1804 Anaxicrates

1040 1827 1189 1867 quidem,
1214 1830 1245 1858 2.
1270 1825 1519 1865 ArgoHcorum,
1541 1823 1624 1854 duos
1646 1823 1742 1854 Hec-

1040 1877 1120 1907 toris
1137 1882 1172 1908 et
1189 1875 1435 1907 Andromachae
1453 1874 1540 1905 filios
1561 1878 1740 1912 memorat,

1038 1926 1097 1957 sed
1116 1935 1174 1957 eos
1192 1926 1419 1966 Amphineum
1436 1928 1472 1955 et
1497 1922 1738 1954 Scamandrum

1040 1981 1150 2006 vocat.
1193 1975 1260 2006 Sed
1288 1984 1332 2005 ex
1355 1973 1508 2004 Homero
1531 1977 1641 2012 patet,
1668 1972 1739 2003 uni-

1039 2034 1115 2056 cum
1141 2024 1247 2056 filium
1274 2034 1318 2054 ex
1343 2021 1584 2054 Andromacha
1611 2021 1740 2052 Hecto-

1040 2083 1109 2104 rem
1139 2073 1330 2114 suscepisse
1361 2072 1588 2112 Astyanacta,
1616 2071 1673 2112 qui
1704 2076 1740 2102 et

1038 2123 1245 2155 Scamander
1258 2123 1372 2154 dictus
1389 2126 1452 2153 est.

1082 2171 1093 2193 s
1113 2173 1259 2204 Vehicuza
1270 2173 1361 2212 plena
1377 2171 1464 2211 auri]
1488 2171 1609 2212 Dictys
1623 2174 1739 2201 noster

1039 2223 1147 2253 multo
1160 2226 1234 2252 erat
1249 2222 1399 2253 Homero
1414 2221 1592 2261 benignior
1601 2225 1636 2251 et
1648 2229 1739 2260 mag-

1038 2271 1244 2307 nificentior,
1262 2271 1318 2312 qui
1336 2271 1491 2301 vehicula
1514 2271 1621 2302 multa
1637 2271 1740 2311 plena

1038 2322 1112 2353 auri
1138 2326 1174 2352 et
1201 2321 1334 2361 argenti
1357 2320 1400 2351 ad
1430 2319 1597 2351 Achillem
1621 2319 1738 2350 tradu-

1039 2378 1109 2409 cat,
1122 2383 1196 2405 cum
1212 2372 1381 2403 Homerus
1395 2370 1535 2408 scribat,
1550 2380 1618 2401 uno
1633 2375 1669 2401 et
1682 2380 1738 2401 eo-

1039 2424 1115 2454 dem
1133 2432 1235 2454 curru
1252 2431 1366 2452 secum
1384 2420 1427 2451 ad
1453 2421 1618 2451 Achillem
1642 2421 1740 2451 Pria-

1039 2483 1127 2505 mum
1145 2472 1308 2504 detulisse
1325 2470 1504 2501 duodecim
1522 2470 1643 2510 peplos
1668 2470 1741 2500 exi-

1039 2523 1137 2561 mios,
1170 2520 1348 2553 duodecim
1378 2519 1524 2550 chlaenas
1554 2518 1739 2558 simplices,

1042 2573 1182 2605 totidem
1201 2574 1349 2611 tapetas,
1373 2568 1516 2599 totidem
1533 2567 1738 2608 perpulchra

1040 2622 1157 2662 pallia,
1187 2620 1318 2651 tunicas
1345 2618 1500 2655 totidem,
1524 2617 1643 2648 decem
1667 2619 1737 2648 auri

1040 2672 1170 2712 integra
1187 2671 1330 2706 talenta,
1345 2668 1428 2698 duos
1446 2666 1615 2707 fulgentes
1633 2667 1737 2706 tripo-

1040 2721 1112 2761 daS,
1127 2724 1336 2761 quatuorque
1353 2718 1498 2757 lebetes,
1513 2721 1548 2748 ct
1575 2717 1735 2758 poculum

1043 2769 1294 2812 perpulchrum.
