1915 3231
592 270 653 300 υΕ
689 270 844 300 necto
876 268 1102 300 'PROJANO
1137 269 1230 299 mn.
1264 270 1329 299 ιν.
1580 261 1666 302 233

221 365 349 406 facile
367 368 493 406 scuto
513 364 777 415 decutiens-‚⁰
806 364 920 405 haud
951 363 1125 416 segnius
1145 363 1401 404 imminere.v
1460 364 1666 417 Denique

222 431 471 473 Philocteta
503 444 595 481 eos,
619 432 694 484 qui
726 432 771 472 in
802 430 937 471 muris
962 429 1099 470 locati
1119 433 1254 480 erant,
1286 429 1456 470 eminus
1489 431 1667 482 sagittis

220 498 465 550 proturbat,
504 499 666 538 multos
695 497 917 539 interficit.
989 496 1148 550 Neque
1184 508 1314 538 secus
1351 509 1379 537 a
1408 496 1592 550 reliquis
1622 497 1667 537 in

219 566 341 617 parte
361 563 448 604 alia
466 576 536 604 res
557 569 710 615 gestae.
767 562 917 618 Atque
939 576 994 605 eo
1016 563 1088 604 die
1116 563 1272 604 excisa
1291 574 1532 616 eversaque
1554 576 1663 604 moe-

219 630 291 670 nia
309 629 500 671 hostium
530 630 685 680 serent,
707 630 753 671 ni
774 642 867 671 nox
891 630 986 684 jam
1016 631 1223 682 ingruens
1243 632 1421 669 nostros
1443 630 1499 669 ab
1520 629 1666 681 incep-

219 700 265 737 to
287 697 574 738 cohibuisset.
633 696 726 747 Qui
745 697 824 738 ubi
843 697 902 738 ad
923 709 1054 739 naves
1076 696 1264 748 regressi
1288 700 1405 746 sunt,
1437 696 1529 737 laeti
1561 696 1667 737 Phi-

218 763 397 804 loctetae
433 763 722 813 facinoribus,
756 768 803 805 et
839 764 897 805 ob
933 764 978 804 id
1010 764 1248 805 maximam
1284 764 1431 804 animo
1463 762 1669 804 fiduciam

219 834 457 882 gestanteS,
478 843 649 872 summo
669 830 820 872 favore
842 844 893 872 ac
913 830 1121 872 laudibus
1137 831 1296 871 ducem
1317 830 1556 871 celebrant.
1577 828 1669 879 Qui

222 896 354 937 simul
373 910 472 938 cum
493 897 608 947 luce,
630 897 858 951 adjunctis
879 897 963 938 sibi
986 897 1168 951 reliquis
1185 897 1390 946 ducibus,
1403 897 1447 937 in
1467 896 1669 950 praelium

221 976 436 1016 egressus,
456 964 605 1006 hostes
626 969 750 1005 metu
780 965 850 1005 sui
882 964 994 1005 adeo
1016 963 1242 1014 deterruit,
1272 967 1321 1005 ut
1344 963 1418 1004 vix
1443 976 1491 1003 se
1511 963 1669 1003 moeni-

220 1030 305 1070 bus
326 1030 616 1074 defensarent.
676 1031 781 1084 [21]
813 1032 993 1073 Interim
1024 1030 1353 1085 Neoptolemus
1382 1029 1501 1084 apud
1525 1035 1671 1070 tumu-

219 1096 311 1136 lum
330 1095 537 1148 Achillis,
558 1104 799 1153 postquam
822 1098 864 1138 in
886 1101 1110 1139 auctorem
1143 1101 1337 1151 paternae
1366 1096 1505 1137 caedis
1528 1096 1670 1137 vindi-

223 1167 373 1204 catum
396 1169 481 1214 est,
503 1164 674 1206 initium
695 1164 874 1218 lugendi
895 1165 1043 1213 sumit,
1073 1167 1117 1204 et
1144 1177 1233 1204 una
1253 1176 1354 1204 cum
1380 1163 1587 1204 Phoenice
1607 1169 1670 1205 at-

222 1242 308 1283 que
329 1231 446 1271 omni
466 1231 796 1285 Myrmidonum
817 1231 1029 1276 exercitu,
1051 1243 1203 1271 eomas
1224 1230 1426 1283 sepulcro
1445 1230 1670 1284 deponit,W

221 1301 540 1352 pernoctatque
569 1299 613 1339 in
640 1300 774 1340 Ιοοο.Χ
833 1299 917 1339 Per
947 1298 1062 1339 idem
1094 1302 1270 1351 tempus
1301 1297 1381 1338 filii
1402 1296 1671 1344 Antimachi,

221 1362 279 1403 de
311 1376 401 1417 quo
433 1377 566 1417 supra
595 1365 967 1413 memoravimus,y
999 1364 1198 1417 adjuncti
1236 1364 1403 1404 Priami
1432 1364 1579 1413 rebus,
1611 1363 1670 1404 ad

223 1428 450 1471 Helenum
467 1432 658 1481 veniunt,
670 1444 859 1485 eumque
880 1435 928 1471 ut
950 1431 1005 1471 ad
1022 1431 1260 1472 amicitiam
1280 1444 1382 1471 cum
1398 1430 1490 1470 suis
1505 1430 1671 1480 redeat,

222 1495 464 1550 deprecati,
487 1499 564 1539 ubi
585 1498 692 1538 nihil
714 1498 963 1552 proficiunt,
983 1497 1039 1538 ad
1056 1510 1161 1538 suos
1182 1501 1441 1547 remeantes,
1464 1497 1672 1537 Diomedi

224 1566 356 1615 atque
393 1561 526 1617 Ajaci
567 1564 692 1605 alteri
708 1569 723 1585 ²
772 1564 938 1605 itineris
973 1564 1118 1604 medio
1158 1567 1418 1604 occurrunt:
1470 1563 1526 1603 ab
1567 1563 1671 1617 quis

222 1629 545 1682 comprehensi,
566 1630 856 1684 perductique
878 1631 936 1672 ad
956 1642 1109 1679 naves,
1131 1630 1314 1684 quinam
1334 1633 1494 1680 essent,
1516 1633 1559 1671 et
1579 1643 1671 1671 rem

222 1695 278 1736 ob
299 1708 432 1750 quam
452 1701 659 1738 venerant
687 1710 861 1738 omnem
893 1696 1152 1751 expediunt.
1210 1696 1324 1737 Tum
1353 1696 1571 1738 recordati
1591 1710 1674 1750 pa-

221 1762 302 1803 tris
332 1775 496 1813 eorum,
527 1766 572 1804 et
601 1777 700 1818 quae
732 1763 964 1805 adversum
993 1764 1166 1816 legatos
1195 1763 1372 1813 dixerit,
1401 1763 1673 1817 molitusque

223 1828 298 1879 sit,
320 1828 432 1870 tradi
450 1841 531 1870 eos
553 1830 860 1883 popularibus,
882 1834 1017 1884 atque
1039 1833 1136 1871 ante
1159 1834 1445 1883 conspectum
1464 1831 1674 1871 barbaro-

222 1907 316 1936 rum
338 1895 528 1953 produci
540 1895 719 1950 jubent,
741 1897 839 1938 dein
860 1897 1085 1951 lapidibus
1106 1897 1279 1951 injectis
1300 1898 1461 1938 necari.
1492 1897 1673 1937 Interim

223 1959 466 2004 Alexandri
485 1962 645 2005 funusa
675 1976 755 2018 per
776 1969 946 2018 partem
969 1963 1100 2005 aliam
1116 1968 1132 1993 ⁵
1163 1963 1220 2005 ad
1241 1963 1483 2013 OEnonem,
1503 1975 1604 2016 quae
1634 1964 1674 2004 ei

877 2095 1015 2128 NOTAE

268 2163 281 2178 ¹¹
305 2157 411 2190 Facile
424 2161 511 2190 scuto
526 2158 699 2200 decutiens]
722 2158 833 2200 Super
850 2169 921 2191 mo·
974 2168 1084 2190 meum
1099 2157 1239 2199 conjeci,
1251 2157 1291 2189 ad
1305 2157 1388 2189 illud
1400 2157 1528 2198 Hymn.
1542 2156 1576 2187 in
1590 2155 1675 2187 Dia-

224 2207 302 2239 dum
320 2209 398 2240 telis
418 2209 648 2249 gravabatur;
672 2209 730 2242 sed
748 2220 790 2241 ea
806 2215 922 2241 tamen
974 2218 1075 2239 nam:
1100 2207 1260 2247 Κείρονται
1280 2206 1313 2238 δὲ
1332 2206 1477 2248 γέροντες
1497 2206 1546 2247 ἐφ’
1563 2205 1672 2237 υἱέσιν.

223 2256 326 2288 facile
341 2257 550 2291 decutiebat.
596 2258 683 2290 Rem
706 2259 837 2300 miram,
859 2260 922 2291 sci-

223 2306 319 2338 licet.

267 2361 281 2376 v
297 2357 479 2398 Imminere]
495 2357 535 2389 Id
549 2361 612 2394 est,
630 2358 768 2398 instare,
779 2362 815 2390 et
827 2359 924 2400 quasi

226 2406 275 2438 eis
291 2406 498 2440 incumbere.
534 2408 718 2449 Egregium
735 2409 835 2449 plane
852 2418 926 2440 ver-

226 2455 316 2489 bum.
341 2457 481 2488 Utinam
498 2457 531 2489 in
549 2458 688 2499 reliquis
703 2459 855 2490 omnibus
872 2468 924 2489 se-

227 2516 263 2538 se
279 2507 326 2538 ita
340 2508 540 2549 diligentem
557 2513 739 2549 praestaret
755 2509 895 2550 Dictys.

269 2562 289 2577 w
315 2559 428 2589 Comus
448 2559 586 2598 sepulcro
609 2558 749 2599 deponit]
777 2559 844 2592 Qui
871 2568 923 2590 so-

227 2606 334 2637 lennis
348 2616 419 2638 mos
435 2606 513 2638 fuit.
543 2607 685 2639 Homer.
701 2608 743 2640 de
760 2608 924 2639 Patroclo

227 2656 271 2688 ΙΙ.
283 2660 323 2687 Ψ.
365 2656 448 2697 Θριξὶ
470 2656 503 2688 δὲ
518 2657 620 2689 πάντα
639 2657 728 2690 νέκυν
745 2658 924 2689 καταείνυον

230 2705 266 2738 ἃς
280 2706 470 2742 ἐπέβαλλον.
502 2709 512 2725 ‘
526 2708 668 2750 Capillis
684 2714 799 2740 autem
818 2713 925 2741 totum

229 2760 398 2787 mortuum
421 2757 585 2798 tegebant
601 2768 686 2800 quos
702 2757 924 2799 injiciebant.’

229 2804 297 2836 Sed
314 2815 414 2848 super
429 2807 504 2848 hoc,
521 2807 618 2850 plura
633 2807 666 2840 in
680 2807 924 2840 Callimachum

979 2257 1195 2290 ‘Tondentur
1208 2263 1322 2289 autem
1334 2266 1433 2289 senes
1447 2266 1548 2297 super
1562 2255 1675 2287 filios.’

1017 2313 1034 2328 ¹
1057 2309 1287 2348 Pernoctatque
1300 2307 1335 2338 in
1349 2306 1428 2347 loco]
1454 2306 1556 2339 Quod
1571 2306 1675 2338 etiarn

977 2357 1155 2398 aliquoties
1170 2357 1427 2388 observabatur.

1018 2414 1031 2435 Υ
1059 2408 1138 2439 Filii
1152 2408 1334 2440 Antimachi
1355 2408 1394 2439 de
1418 2417 1474 2448 quo
1496 2416 1590 2447 supra
1613 2416 1676 2438 me-

976 2457 1175 2497 moravimus]
1191 2457 1264 2488 Lib.
1278 2466 1318 2488 11.
1335 2456 1392 2487 ubi
1409 2456 1470 2495 ait,
1482 2456 1589 2487 solum
1605 2465 1677 2487 om-

978 2508 1070 2538 nium
1087 2506 1326 2538 Antimachum
1352 2506 1386 2537 in
1413 2507 1555 2546 gratiam
1573 2506 1676 2538 Alex-

979 2556 1075 2587 andri
1096 2555 1276 2586 adversum
1292 2559 1434 2586 cunctos
1450 2556 1676 2594 reclamasse3

978 2616 1054 2638 cum
1071 2606 1266 2637 Menelaum
1284 2605 1404 2646 injuste
1424 2605 1581 2645 injuriam
1598 2615 1676 2646 pas>-

979 2666 1050 2687 sum
1066 2656 1302 2686 decernerent.

1022 2711 1034 2726 z
1055 2706 1149 2745 AJacz‘
1163 2705 1272 2746 alteri]
1303 2705 1360 2737 Sic
1383 2714 1518 2746 semper
1532 2704 1676 2745 Ajacem

981 2757 1116 2789 Oileum
1133 2759 1245 2788 vocat.

1022 2812 1036 2828 ’ὁ
1058 2805 1234 2839 Alexandri
1252 2805 1368 2846 sunus]
1398 2804 1512 2837 Nolim
1525 2804 1588 2837 hoc
1605 2803 1677 2835 imi-
