1915 3231
616 307 678 336 DE
712 306 868 336 nanno
900 304 1126 335 TRoJANo
1162 305 1253 336 mn.
1289 305 1338 335 11.
1605 294 1687 336 165

237 399 519 449 necessitate,
539 400 756 442 militibus
777 404 824 441 ut
852 400 895 440 in
925 400 1087 440 armis2
1118 402 1264 440 essent
1287 398 1445 451 jubet;
1477 410 1532 439 ac
1564 411 1685 448 mox,

236 466 311 507 ubi
331 467 502 519 signum
523 466 658 516 daret,
680 471 963 521 sequerentur
983 479 1101 508 sese.
1162 466 1302 518 Igitur
1317 470 1555 519 postquam
1576 468 1688 505 tem-

236 546 319 586 pus
335 533 480 573 visum
499 538 580 582 est,
596 538 641 574 et
658 546 812 575 omnes
828 534 873 574 in
889 533 1018 574 armis
1034 532 1361 581 nuntiabantur,
1375 530 1505 584 jubet
1519 531 1684 583 egredi,

235 599 331 652 ipse
352 598 447 638 dux
469 603 606 652 atque
628 599 865 652 imperator
883 599 1066 640 militiae.
1127 598 1221 639 Res
1252 597 1477 651 postulare
1498 596 1685 647 videtur,

235 678 388 706 eorum
408 678 549 718 reges,
570 665 648 719 qui
672 667 787 707 socii
807 671 942 719 atque
960 666 1093 706 amici
1114 665 1279 718 Trojae,
1302 666 1469 717 quique
1498 665 1555 705 ob
1575 678 1686 706 mer-

234 731 386 773 cedem
407 732 646 773 auxiliares
659 745 716 773 ex
731 733 917 774 diversis
934 733 1189 786 regionibus
1208 733 1424 773 contracti
1438 731 1686 773 Priamida-

231 811 327 839 rum
343 799 573 853 imperium
587 800 898 853 sequebantur,
915 800 1118 840 edicere.³
1134 798 1152 822 ‘³
1204 798 1378 839 Primus
1395 797 1528 850 igitur
1540 799 1684 851 portis

232 867 425 920 erumpit
443 866 679 908 Pandarus
701 867 910 921 Lycaone
942 868 1129 920 genitus,
1148 881 1205 908 ex
1229 866 1410 920 Lycia:e
1443 865 1543 906 dein
1566 864 1685 920 Hip-

232 934 424 987 pothous
466 932 613 987 Pylei,
626 931 639 955 f
666 946 723 975 ex
753 933 938 976 Larissa
974 934 1309 988 Pelasgidarum
1329 947 1338 974 ε
1355 939 1371 961 ἕ
1400 931 1599 974 Acamas
1640 937 1684 974 et

839 1050 1086 1066 “uterne‘'

228 1127 314 1169 legit
327 1127 500 1168 cupiebant.
536 1127 660 1158 Totum
676 1126 765 1158 hunc
781 1127 893 1159 locum
910 1128 1064 1160 restituit
1075 1128 1290 1160 Mercer.—2
1306 1127 1430 1167 Delpli.
1446 1127 1529 1167 apud
1542 1136 1684 1158 arma.—

229 1174 249 1202 3
274 1170 401 1212 Delpb.
417 1170 551 1210 adicere,
575 1179 675 1211 quam
702 1170 885 1202 lectionem
911 1171 1036 1212 probat
1060 1171 1274 1203 Meroen—4
1299 1170 1423 1211 Delph.
1441 1175 1476 1201 et
1492 1171 1584 1211 vulg.
1601 1171 1684 1200 Aca-

881 1275 1024 1308 NOTAE

982 1359 1026 1381 ex
1050 1349 1170 1389 Lycia,
1193 1350 1315 1389 Neque
1332 1349 1408 1390 quis
1428 1348 1462 1380 in
1489 1349 1593 1390 Lycia
1611 1350 1683 1389 glo-

983 1400 1091 1431 riatur
1107 1404 1143 1431 te
1159 1409 1232 1430 esse
1248 1399 1393 1431 fortior.’
1425 1399 1509 1431 Ideo
1521 1409 1596 1430 cum
1613 1400 1679 1440 Ly-

230 1348 309 1380 tiam
326 1347 420 1388 hujus
437 1347 612 1388 sermonis,
633 1352 643 1366 ‘
656 1347 803 1379 taedione
820 1357 861 1380 an
877 1357 931 1380 re-

230 1396 444 1430 cordatione’
466 1407 566 1439 quam
583 1397 708 1439 ubique
724 1398 803 1429 mali
820 1398 929 1429 edito-

230 1458 286 1480 res
311 1452 547 1488 corruperant,
572 1452 610 1479 ut
634 1449 643 1465 ‘
661 1447 931 1487 domuitionem,’

229 1508 328 1539 quam
355 1502 390 1529 et
416 1507 520 1538 supra
545 1497 801 1538 explicavimus.
847 1498 926 1529 Non

230 1550 368 1581 dubium
385 1555 438 1581 est
453 1549 532 1590 quin
545 1549 617 1580 liaec
629 1548 674 1580 sit
690 1548 834 1589 genuina
848 1557 928 1580 auc·

229 1601 310 1631 toris
326 1599 509 1640 scriptura.
533 1599 669 1630 Mercer.

269 1650 285 1671 ἅ
308 1650 442 1681 Edicere
469 1647 634 1688 [Adicere]
665 1647 721 1679 Ita
746 1647 832 1678 liber
855 1648 930 1679 Da·

226 1699 336 1731 nielis.
380 1699 534 1739 Antiqua
555 1698 707 1738 scriptio,
731 1707 792 1737 pro
816 1697 927 1738 ‘adji-

226 1759 306 1780 cere
320 1748 340 1788 ;‘
357 1758 456 1789 quam
470 1748 502 1779 in
516 1747 671 1778 omnibus
685 1747 824 1787 optimae
834 1754 924 1778 notae

224 1799 318 1830 libris
342 1799 516 1830 inventam
534 1797 596 1828 viri
619 1796 713 1828 docti
741 1801 925 1829 testantur.

227 1848 373 1880 Poterat
400 1854 513 1878 tamen
537 1845 620 1878 ferri
636 1857 712 1879 cum
728 1847 873 1888 vulgatis
889 1852 926 1880 et

224 1898 332 1930 altero
347 1898 414 1929 Ms.
429 1895 612 1928 ‘edicere.'

265 1953 280 1969 θ
302 1949 469 1980 Pandarus
485 1947 626 1988 Lycaone
642 1947 771 1986 genitus
793 1957 834 1979 ea:
857 1948 924 1989 Ly-

221 1998 285 2040 cia]
307 1999 348 2030 In
374 1999 437 2029 hoc
459 1999 617 2037 catalogo
639 1998 742 2029 etiam
768 1999 924 2038 sequitur

223 2050 426 2087 Homerum,
442 2048 499 2088 qui
524 2047 642 2078 scribit
657 2058 665 2075 .-
691 2047 731 2078 Oi
745 2046 778 2078 δὲ
792 2047 923 2079 Ζέλειαν

222 2098 323 2129 ἔναιον
347 2096 419 2129 ὑπαὶ
437 2095 518 2127 πόδα
532 2095 654 2127 νείατον
662 2096 759 2135 Ἴδης,
771 2097 921 2137 Ἀφνειοὶ,

221 2148 363 2180 πίνοντες
376 2146 452 2187 ὕδωρ
462 2146 562 2186 μέλαν
572 2145 734 2186 Αἰσήποιο,
743 2149 852 2187 Τρῶες,
860 2149 923 2178 τῶν

221 2197 288 2229 αὖτ’
299 2197 378 2238 ἧρχε
385 2196 540 2228 Λυκάονος
551 2195 668 2235 ἀγλαὸς
677 2196 919 2237 υἱὸς,Πάνδαρος.

223 2253 231 2268 ¹
248 2250 313 2282 Qui
341 2256 422 2280 vero
449 2247 598 2279 Zeleiam
628 2248 830 2279 habitabant
856 2249 918 2280 sub

220 2301 310 2342 pede
327 2299 394 2330 imo
409 2298 495 2334 Idae,
518 2297 678 2339 Aphneii,
702 2298 860 2330 bibentes
883 2309 917 2330 a-

220 2360 321 2392 quam
336 2351 464 2390 nigram
478 2348 606 2388 AEsopi,
617 2348 722 2379 Troe's
738 2348 788 2379 his
802 2358 918 2380 rursus

219 2404 370 2441 praeerat
397 2398 562 2440 Lycaonis
583 2399 693 2430 clarus
709 2398 810 2438 filius,
827 2400 918 2430 Pan-

220 2450 343 2482 daras!
387 2448 504 2481 Zeleia
517 2448 607 2480 enim
625 2448 704 2480 urbs
719 2455 754 2480 et
769 2449 918 2490 Aphneii

220 2501 350 2543 populi,
376 2502 410 2532 in
437 2500 540 2541 Lycia
563 2499 722 2531 Troadis.
776 2500 918 2531 Scilicet

219 2551 345 2592 duplex
357 2551 459 2592 Lycia
471 2549 635 2585 Homero,
644 2549 752 2581 altera
762 2549 917 2590 proxima

219 2601 339 2637 Cnriae,
355 2600 387 2631 in
404 2609 471 2641 qua
486 2599 644 2631 Xanthus
659 2598 794 2640 fluvius,
809 2609 828 2632 e
849 2610 917 2641 qua

217 2650 449 2691 Sarpedonem
466 2654 502 2681 et
519 2649 687 2681 Glaucum
703 2650 851 2681 emittit:
869 2650 916 2681 al-

218 2704 291 2731 tera
307 2700 339 2730 in
355 2700 502 2739 Troade,
516 2699 580 2730 sub
596 2699 658 2730 Ida
674 2705 801 2731 monte.
825 2700 915 2731 Nam

218 2756 253 2780 et
265 2750 434 2781 Homerus
442 2749 485 2780 de
494 2749 669 2785 Pandaro,
679 2749 779 2781 Iliad.
791 2753 826 2781 Ε.
841 2749 914 2780 Ἀπ-

218 2797 376 2837 ορνυμένον
403 2797 564 2837 Λυκιήθεν,
587 2798 669 2829 Οὔτε
693 2810 742 2830 τις
766 2800 801 2830 ἐν
819 2799 914 2842 Λυκίῃ

219 2848 273 2880 σέο
293 2849 324 2887 ’γ’
349 2850 474 2889 εὔχεται
498 2848 573 2881 εἶναι
589 2848 730 2887 ἀμείνων.
754 2851 763 2868 ⁸
777 2851 912 2882 Ruente

981 1448 1068 1479 ciam
1093 1449 1299 1490 Sarpedonis
1326 1449 1491 1489 nominat,
1515 1448 1608 1480 addit
1625 1461 1681 1486 τη-

980 1497 1073 1529 λόθεν
1098 1498 1133 1529 ἐκ
1158 1498 1281 1535 Λυκίης.
1316 1499 1458 1540 ‘Longe
1484 1508 1503 1529 a
1530 1499 1635 1539 Lycia
1650 1510 1657 1529 :
1674 1499 1683 1511 ’

979 1548 1058 1590 quia
1074 1558 1114 1579 ea
1130 1549 1302 1580 remotior.

1021 1598 1034 1617 f
1053 1599 1250 1639 Hippothous
1274 1598 1382 1639 Pylez']
1415 1598 1470 1629 Ita
1492 1598 1586 1630 libri.
1631 1598 1678 1631 Et

975 1647 1031 1678 hic
1047 1648 1174 1679 erravit
1187 1648 1321 1688 Dictys,
1335 1647 1423 1688 quod
1442 1648 1527 1678 male
1545 1648 1678 1687 legerat

975 1697 1084 1728 locum
1102 1697 1264 1729 Homeri:
1281 1698 1347 1728 Τῶν
1358 1695 1386 1727 οἳ
1398 1696 1556 1736 Λάρισσαν
1569 1698 1677 1737 ἐριβώ-

975 1752 1060 1778 λακα
1071 1745 1286 1777 ναιετάασκον·
1303 1748 1370 1778 Τῶν
1384 1745 1455 1787 ἦρχ’
1468 1747 1626 1779 Ἱππόθοός
1640 1760 1676 1779 τε

976 1795 1113 1828 Πύλαιός
1133 1797 1161 1827 τ’
1188 1795 1257 1835 ὄζος
1271 1797 1391 1836 Ἀρὴος,
1420 1795 1471 1828 Ὺῖε
1493 1797 1553 1828 δύω
1573 1798 1675 1829 Λίθυιο

973 1847 1144 1886 Πελασγοῦ
1158 1846 1357 1886 Τευταμίδαο.
1374 1847 1383 1863 ‘
1398 1848 1524 1878 Eorum
1543 1849 1598 1889 qui
1611 1849 1676 1880 La-

973 1897 1091 1928 rissam
1106 1897 1277 1937 glebosam
1290 1898 1499 1937 incolebant,
1512 1898 1576 1929 His
1589 1907 1675 1938 prae-

973 1951 1050 1978 erat
1083 1947 1300 1987 Hippothous
1331 1954 1365 1978 et
1398 1947 1537 1988 Pylaeus
1563 1958 1674 1979 ramus

973 1999 1111 2034 Martis,
1128 1999 1205 2031 Filii
1231 1999 1297 2031 duo
1321 1999 1411 2031 Litlii
1435 2000 1572 2041 Pelasgi
1587 2000 1674 2031 Teu-

973 2049 1134 2081 tamidae.'

1024 2107 1040 2129 ἕ
1062 2103 1118 2133 Ex
1143 2102 1271 2134 Larissa
1298 2101 1555 2142 Pelasgidarum]
1588 2101 1671 2132 Tres

971 2154 1070 2185 fuere
1096 2155 1236 2185 Larissae
1259 2155 1290 2185 in
1317 2154 1416 2185 Asia:
1442 2154 1551 2193 prima
1569 2153 1673 2193 juxta

975 2205 1195 2236 Hamaxitum
1213 2206 1247 2236 in
1260 2208 1444 2243 conspectu
1461 2203 1537 2241 Ilii3
1554 2212 1674 2234 secun-

973 2255 1015 2286 da
1024 2255 1128 2295 juxta
1143 2256 1297 2293 Cumam,
1309 2264 1374 2285 non
1388 2255 1486 2294 longe
1502 2253 1544 2284 ab
1556 2253 1671 2293 Smyr—

973 2314 1039 2344 na3
1063 2305 1279 2345 tertiajuxta
1294 2304 1478 2344 Ephesum,
1492 2303 1524 2333 in
1542 2303 1671 2343 Campo

973 2355 1161 2395 Caystrico.
1197 2354 1264 2386 Sed
1286 2354 1428 2394 primam
1445 2354 1498 2384 liic
1514 2363 1578 2384 non
1594 2362 1670 2383 esse

971 2403 1241 2444 intelligendam,
1265 2402 1390 2443 probat
1415 2402 1505 2442 quod
1529 2402 1577 2433 ait
1598 2402 1669 2433 Ho-

971 2463 1083 2485 merus
1100 2453 1143 2484 de
1159 2452 1278 2484 eodem
1299 2452 1514 2492 Hippothoo,
1539 2451 1572 2482 in
1596 2461 1670 2482 cer·

971 2504 1097 2535 tamine
1124 2503 1167 2532 de
1193 2502 1360 2533 cadavere
1384 2501 1538 2532 Patrocli
1564 2501 1668 2532 inter-

971 2557 1090 2584 emto:
1112 2552 1187 2588 Τῆλ’
1210 2551 1270 2582 ἀπὸ
1296 2550 1462 2592 Λαρίσσης.
1485 2552 1494 2567 ⁴
1510 2551 1623 2590 Longe
1648 2561 1669 2581 a

970 2601 1126 2633 Larissa.'
1149 2602 1237 2633 Nam
1251 2611 1326 2633 cum
1343 2602 1415 2632 haec
1431 2606 1522 2632 esset
1539 2601 1572 2632 in
1589 2611 1669 2633 cou-

970 2657 1093 2693 spectu
1111 2651 1182 2691 Ilii,
1205 2651 1294 2682 intra
1309 2650 1576 2681 ducentesimum
1594 2650 1667 2682 fere

968 2702 1137 2739 stadium3
1168 2710 1235 2731 non
1258 2700 1425 2741 potuisset
1451 2700 1567 2731 dicere
1595 2701 1667 2732 Ho-

969 2761 1080 2782 merus
1106 2750 1341 2791 Hippothoum
1368 2751 1468 2790 longe
1493 2761 1512 2781 a
1529 2750 1667 2782 Larissa

967 2800 1146 2832 cecidisse.
1189 2801 1310 2841 Neque
1327 2801 1462 2830 tertiam
1486 2800 1540 2831 hic
1565 2800 1664 2831 intel-

967 2849 1139 2890 ligendam
1155 2848 1256 2881 fidem
1282 2848 1379 2889 facit,
1404 2849 1494 2890 quod
1522 2859 1597 2881 cum
1623 2860 1663 2882 ea
