1915 3231
551 319 616 349 DE
649 319 806 349 BELLO
839 318 1067 349 TRoJANo
1102 320 1196 350 nin.
1228 322 1260 350 1.
1573 313 1630 352 95

181 415 291 461 erat,
311 415 355 452 et
374 411 674 465 Agamemnon
694 413 835 467 major
858 413 1009 464 frater,
1038 420 1088 455 ut
1109 414 1206 455 vice
1238 427 1320 456 sua
1346 415 1391 455 in
1412 414 1630 457 divisione

180 482 402 527 uteretur,p
437 479 694 531 petiverant.
754 480 845 520 Sed
881 480 958 520 hiq
987 493 1075 520 non
1108 481 1378 531 Plisthenis,r
1407 487 1457 522 ut
1490 488 1630 531 erant,

179 544 322 596 magis
344 558 476 598 quam
502 544 631 586 Atrei
661 546 920 587 dicebantur
939 561 950 587 ε
981 547 1039 587 ob
1059 559 1157 587 eam
1175 559 1371 597 causam,
1392 547 1512 601 quod
1532 561 1633 588 cum

180 608 464 663 Plisthenes‚⁵
491 611 723 652 admodum
746 613 930 666 parvis,⁵
958 614 1057 666 ipse
1084 626 1220 666 agens
1249 614 1292 654 in
1322 615 1473 668 primis
1508 616 1633 656 annis

179 677 270 717 vita
290 677 479 728 functus,
497 678 603 719 nihil
624 678 802 730 dignum
823 679 879 720 ad
898 680 1148 721 memoriam
1163 679 1355 721 nominis
1368 681 1634 734 reliquisset,

181 742 347 784 Atreus
368 745 651 785 miseratione
668 745 814 786 aetatis
834 758 981 786 secum
998 758 1074 786 eos
1089 746 1315 797 habuerat,
1328 760 1474 801 neque
1490 747 1636 789 minus

183 823 313 863 quam
333 811 476 863 regios
496 811 776 853 educaverat.
838 812 890 852 In
921 824 1010 865 qua
1036 812 1254 854 divisione
1276 814 1436 867 singuli
1458 827 1538 868 pro
1558 827 1632 856 no-

182 876 313 918 minis
345 877 623 919 celebritatet
651 878 765 918 inter
799 890 847 919 se
881 879 1072 932 quisque
1102 879 1336 932 magnifice
1369 884 1635 933 transegere.

183 943 264 996 [2.]
294 942 366 985 Ad
397 957 477 987 eos
498 958 543 987 re
565 945 745 999 cognita
765 957 914 987 omnes
934 958 993 987 ex
1023 946 1186 999 origine
1208 946 1438 1002 Europae,u
1468 961 1567 1001 quae
1591 948 1636 989 in

844 1078 986 1111 NOTAE

186 1162 196 1180 ‘
208 1161 306 1194 Atrei
317 1160 337 1201 ;’
350 1161 439 1193 unde
449 1166 485 1193 et
498 1170 571 1193 eam
585 1162 674 1194 idem
688 1163 886 1195 Eustathius

187 1212 452 1253 Agamemnonis
469 1222 618 1244 sororem
632 1213 741 1245 dixit:
758 1214 886 1255 quippe

188 1264 246 1305 qui
272 1262 456 1294 Homerum
488 1268 624 1295 secutus
660 1263 886 1304 Agamemno-

189 1322 267 1344 nem
282 1317 317 1344 et
328 1313 522 1344 Menelaum
536 1313 647 1352 Atrei,
658 1323 724 1344 non
739 1313 889 1345 Plisthe-

189 1362 255 1402 nis,
276 1361 360 1392 filios
386 1361 480 1394 facit.
525 1362 592 1394 Sed
614 1363 669 1394 hic
692 1363 791 1394 aliter
808 1363 890 1395 Dic·

191 1418 259 1455 tys,
272 1413 329 1454 qui
346 1413 395 1444 sic
410 1413 546 1444 minime
561 1415 712 1445 excusari
729 1419 855 1454 potest.

232 1469 250 1489 Ρ
278 1463 347 1494 Vice
361 1464 459 1494 suain
470 1463 623 1495 divisione
633 1464 789 1505 uteretur]
815 1464 891 1497 Hoc

192 1516 258 1552 est,
272 1516 310 1543 ut
322 1522 399 1543 suas
413 1516 528 1552 partes
544 1519 672 1553 ageret.
694 1513 755 1545 Ait
767 1514 890 1555 Dictys

192 1561 397 1593 Anaxibiam
427 1566 462 1593 et
485 1562 786 1602 Agamemnonem,
810 1574 891 1605 quo·

192 1622 264 1643 rum
278 1613 385 1643 altera
398 1617 540 1653 propter
549 1623 678 1654 sexum,
688 1614 776 1645 alter
791 1624 891 1655 prop·

193 1667 247 1694 ter
264 1663 359 1704 regui
383 1663 433 1694 sui
460 1664 663 1704 custodiam,
683 1665 797 1696 Cretae
814 1674 891 1696 cum

195 1712 267 1744 aliis
284 1712 404 1744 adesse
423 1722 491 1744 non
508 1717 677 1754 poterant,
698 1724 717 1745 a
733 1715 893 1746 Menelao

193 1762 337 1803 petiisse
366 1766 405 1794 ut
434 1772 494 1803 pro
518 1763 681 1795 ambobus
705 1763 835 1795 faceret
859 1764 892 1795 in

194 1811 361 1843 divisione
378 1812 507 1853 Cretei,
523 1817 559 1845 et
573 1814 753 1854 colligeret
778 1813 894 1845 ambo-

196 1870 270 1893 rum
282 1867 420 1893 sortem.

242 1916 257 1937 η
280 1911 341 1942 Sed
356 1911 404 1951 hi]
420 1911 622 1953 Respondet
641 1912 891 1954 superioribus:

202 1960 212 1977 ⁴
224 1961 351 2001 AEropa
367 1966 401 1992 et
419 1961 595 1993 Plisthene
610 1962 772 2002 genitus?

241 2015 253 2032 ¹·
275 2012 350 2042 Non
367 2012 556 2053 Plisthenis]
579 2013 764 2045 Plisthenis
793 2013 897 2045 etiam

201 2060 287 2092 filios
302 2060 387 2092 facit
404 2061 649 2102 Apollodorus,
666 2068 700 2094 et
716 2063 813 2094 multi
831 2064 898 2095 alii.

200 2111 344 2143 Hesiod.
368 2111 518 2153 AEschyl.
553 2111 780 2154 Porphyrius.
802 2113 897 2145 Serv.

200 2161 278 2193 AEn.
303 2165 329 2193 i.
359 2161 512 2200 Atridas,
541 2161 665 2203 inquit,
697 2167 899 2203 usurpatum

203 2216 267 2249 est,
281 2221 357 2243 nam
375 2211 558 2243 Plisthenis
575 2212 634 2243 filii
659 2211 797 2244 fuerunt
812 2212 901 2253 Aga-

201 2270 359 2292 memnon
375 2265 410 2292 et
424 2261 613 2293 Menelaus.
646 2262 776 2292 Tamen
791 2262 902 2302 major

202 2319 362 2342 numerus
375 2320 489 2342 eorum
499 2311 554 2352 qui
567 2311 663 2342 Ati-ei
674 2311 759 2343 filios
773 2312 901 2344 dicunt.

204 2361 246 2391 In
264 2361 302 2392 iis
328 2365 526 2392 constanter
551 2361 653 2392 Hom.
677 2361 777 2394 Iliad.
806 2371 846 2394 11.
868 2366 905 2393 et

206 2411 331 2452 Odyss.
350 2421 401 2442 iv.

248 2467 260 2482 ὓ
284 2462 374 2497 Quod
389 2472 458 2493 cum
477 2462 666 2502 Plisthenes]
690 2462 848 2494 Eustath.
864 2471 906 2493 11.

205 2512 249 2544 1-1.
272 2509 355 2543 οὗτοι
380 2511 437 2550 μὲν
451 2511 532 2549 ἦσαν
553 2512 632 2543 κατὰ
646 2511 704 2551 μὲν
724 2511 762 2542 τὸ
778 2510 907 2549 σύνηθες

206 2560 354 2602 Ἀερόπης
376 2561 425 2592 καὶ
440 2561 571 2601 Ἀτρέως
594 2561 710 2600 παιδὲς,
727 2562 785 2592 τοῦ
804 2561 908 2593 Πέλο·

207 2620 274 2642 πος·
291 2612 332 2652 τῇ
347 2610 379 2642 δὲ
395 2611 522 2652 ἀληθείᾳ
531 2611 750 2652 Πλεισθένους,
762 2612 801 2643 ὥς
813 2617 909 2651 φασιν

210 2662 301 2693 ἄλλοι
320 2674 356 2692 τε
378 2662 508 2699 πολλοὶ,
523 2662 573 2693 καὶ
596 2662 766 2703 Πορφύριος
787 2663 819 2692 ἐν
844 2664 910 2694 τοῖς

210 2711 373 2750 ζητήμασι.
409 2713 498 2743 Ἀλλ’
520 2713 622 2750 ἐπειδὴ
639 2714 828 2751 Πλεισθένης
843 2714 911 2745 νέος

210 2763 355 2804 τελευτᾷ,
370 2762 464 2800 μηδὲν
479 2762 662 2804 καταλήψεις
679 2763 799 2802 μνήμης
816 2762 911 2802 ἄξιον,

217 2812 278 2843 νέοι
293 2812 372 2843 πάνυ
386 2812 614 2853 ἀνατραφέντες
631 2813 688 2844 ὑπὸ
703 2813 844 2853 Ἀτρέως,
860 2815 914 2844 αὐ-

213 2863 269 2892 τυῦ
298 2863 402 2895 παῖδες
432 2862 619 2903 ἐκλήθησαν,
664 2869 671 2881 ·
696 2864 749 2895 lili
778 2862 913 2904 quidem

940 1165 1165 1198 communiter
1180 1165 1335 1208 Aeropes
1357 1169 1392 1198 et
1408 1164 1505 1197 Atrei
1523 1164 1641 1196 existi-

939 1214 1134 1255 mabantur,
1152 1216 1211 1248 sed
1227 1226 1262 1248 re
1280 1226 1360 1248 vera
1376 1220 1474 1247 erant
1490 1215 1640 1246 Plisthe-

942 1263 992 1294 nis
1008 1264 1080 1305 filii,
1097 1271 1135 1297 ut
1158 1275 1235 1298 cum
1258 1266 1358 1298 multi
1380 1266 1449 1306 alii,
1471 1270 1539 1297 tum
1556 1265 1642 1296 Por-

942 1313 1082 1354 phyrius
1099 1316 1217 1348 scribit
1232 1316 1265 1347 in
1287 1317 1355 1348 suis
1376 1316 1642 1350 Quaestionibus.

942 1363 1011 1395 Sed
1033 1365 1190 1405 quoniam
1208 1366 1403 1398 Plisthenes
1421 1365 1560 1406 juvenis
1584 1365 1642 1396 ad-

942 1412 1008 1445 huc
1031 1419 1182 1446 mortuus
1203 1421 1269 1453 est,
1292 1416 1375 1447 nihil
1392 1416 1555 1448 memoria
1570 1416 1643 1456 dig-

944 1473 1022 1495 num
1049 1471 1128 1506 post
1151 1475 1187 1497 se
1214 1466 1419 1508 relinquens,
1444 1465 1577 1507 parvuli
1601 1465 1644 1497 ab

944 1513 1054 1545 Atreo
1085 1524 1148 1545 avo
1177 1515 1326 1551 educati,
1353 1516 1428 1556 ejus
1454 1516 1556 1547 etiam
1584 1515 1645 1546 filii

945 1562 1030 1594 dicti
1060 1564 1165 1595 sunt-³
1222 1565 1335 1595 Schol.
1368 1565 1486 1605 Eurip.
1527 1565 1646 1597 Orest.

944 1611 1068 1653 Ἀτρεὺς
1095 1612 1154 1652 μὲν
1181 1613 1240 1651 τὴν
1263 1613 1411 1646 Κλεόλαν
1438 1615 1496 1653 τὴν
1515 1614 1648 1646 Διάντος

946 1660 1147 1701 εἰσαγόμενος
1171 1662 1228 1702 ἔχε
1250 1664 1422 1702 Πλεισθένη
1437 1666 1474 1696 τὸ
1489 1667 1577 1705 σῶμα
1592 1665 1648 1697 ἆσ-

946 1712 1030 1751 θενῆ,
1045 1712 1079 1744 ὃς
1094 1713 1262 1754 Ἐριφύλην
1274 1714 1377 1754 ’γήμας
1403 1714 1478 1755 ἔχεν
1492 1714 1649 1755 Ἀγαμέμ-

947 1773 1021 1794 νονα
1037 1762 1086 1793 καὶ
1101 1762 1263 1795 Μενέλαον
1272 1764 1323 1795 καὶ
1336 1764 1519 1804 Ἀναξιβίαν·
1537 1764 1604 1797 νέος
1617 1764 1649 1796 δὲ

946 1811 1102 1844 τελευτῶν
1127 1814 1143 1843 ὁ
1166 1813 1355 1853 Πλεισθένης
1377 1813 1557 1846 καταλείπει
1578 1814 1651 1846 τοὺς

945 1864 1057 1895 παῖδας
1069 1865 1118 1903 τῷ
1131 1863 1235 1905 πατρί·
1260 1864 1282 1895 i.
1298 1874 1329 1896 e.
1354 1865 1364 1882 ‘
1382 1865 1520 1905 Atreus,
1545 1865 1651 1896 ducta

947 1921 1052 1944 uxore
1083 1914 1202 1945 Cleola
1228 1914 1367 1945 Diantis
1392 1914 1474 1954 filia,
1501 1914 1651 1946 Plisthe-

952 1972 1030 1993 nem
1047 1964 1165 2003 genuit
1181 1973 1328 2005 corpore
1341 1963 1521 2002 infirmum,
1535 1964 1590 2005 qui
1608 1973 1651 1995 ex

954 2012 1117 2053 Eriphyle
1146 2013 1436 2053 Agamemnonem
1469 2018 1504 2045 et
1533 2015 1653 2045 Mene-

952 2062 1041 2093 laum
1059 2066 1094 2093 et
1111 2061 1313 2095 Anaxibiam
1340 2065 1463 2095 liberos
1488 2065 1655 2105 suscepit.

952 2112 1089 2153 Eosque
1113 2111 1224 2144 Atreo
1246 2113 1336 2154 patri
1364 2124 1424 2144 suo
1444 2114 1578 2154 juvenis
1597 2114 1655 2144 ad-

953 2161 1017 2192 huc
1032 2162 1180 2193 moriens
1197 2163 1360 2204 reliquit.’
1394 2164 1523 2195 Tamen
1539 2163 1655 2195 nescio

954 2211 1045 2242 unde
1072 2212 1224 2243 Cleolam
1249 2213 1369 2249 Atreo,
1395 2217 1431 2245 et
1459 2214 1655 2255 Eriphylem

956 2262 1124 2293 Plistlieni
1140 2267 1262 2303 nuptas
1281 2263 1377 2295 dicit.

1000 2313 1009 2332 ⁸
1024 2311 1150 2352 Singuli
1164 2322 1221 2353 pro
1232 2313 1368 2344 nominis
1378 2311 1570 2351 celebritate]
1588 2312 1658 2344 Pro

959 2363 1053 2404 cujus
1078 2363 1224 2394 nominis
1251 2364 1466 2405 celebritate,
1492 2374 1534 2395 an
1564 2364 1658 2405 cujus

960 2422 1044 2453 opes
1060 2412 1311 2453 dividebantur,
1323 2423 1364 2444 an
1380 2414 1586 2454 singulorum
1602 2414 1660 2455 qui

963 2471 1020 2494 eas
1042 2462 1131 2493 inter
1148 2472 1184 2493 se
1200 2462 1420 2494 dividebant?
1443 2464 1493 2495 ita
1515 2469 1552 2495 ut
1568 2464 1661 2496 dicat

963 2513 1101 2554 Dictys,
1114 2512 1263 2552 singulos
1275 2522 1336 2553 pro
1349 2513 1401 2544 sui
1414 2513 1558 2545 nominis
1571 2514 1662 2545 cele-

962 2563 1087 2594 britate
1110 2562 1288 2603 magnifice
1311 2573 1374 2603 pro
1393 2573 1429 2594 se
1457 2563 1662 2603 transegisse

963 2622 1045 2653 rem,
1071 2613 1254 2654 pepigisse.
1299 2612 1391 2643 Gall.
1414 2612 1500 2643 avoit
1513 2613 1582 2651 fait
1605 2623 1662 2644 son

961 2664 1057 2703 parti.
1104 2662 1198 2694 Nihil
1215 2661 1305 2693 aliud
1322 2662 1434 2693 video.

1008 2718 1021 2733 ¹³
1058 2712 1193 2751 Origine
1226 2711 1372 2752 Europoe]
1416 2712 1548 2743 Vellem
1583 2721 1664 2744 sane

967 2766 1264 2794 commemorasset
1290 2762 1421 2803 aliquos
1446 2770 1489 2792 ex
1517 2762 1557 2793 iis
1582 2771 1665 2803 quos

967 2822 1008 2843 ex
1040 2811 1167 2852 origiue
1200 2812 1344 2852 Europae
1376 2811 1512 2843 Cretam
1538 2812 1584 2842 ait
1615 2812 1667 2842 in-

967 2861 1149 2894 habitasse.
1210 2862 1348 2903 Europa
1380 2861 1468 2893 enim
1504 2870 1545 2892 ex
1577 2861 1665 2893 Jove
