1915 3231
261 281 316 321 44
608 291 710 322 JAc.
746 291 1000 322 PER120N11
1029 290 1366 340 ν[ηεεΕῐὶΤΑΤιο

261 387 457 440 regione,
496 391 546 429 ut
576 387 824 438 Thessalia,
854 391 1210 436 commemorant,
1243 386 1360 440 quod
1400 399 1498 427 cum
1535 386 1612 428 alii
1645 387 1710 429 fa·-

263 455 396 504 ciant,
427 454 606 506 Tragici
645 454 996 508 frequentissime
1028 454 1214 502 faciunt,
1256 454 1420 506 quibus
1455 454 1631 495 minime
1663 453 1710 494 id

263 521 597 562 concedendum
617 526 710 562 est:
741 521 846 561 nihil
878 522 992 561 enim
1022 533 1080 560 ex
1109 533 1302 573 persona
1333 519 1494 573 poetae,
1516 520 1596 561 sed
1618 534 1712 562 om-

262 589 335 629 nia
356 590 437 629 sub
459 602 623 638 eorum,
641 589 718 642 qui
739 589 815 629 illo
838 594 1034 641 tempore
1054 588 1270 637 vixerunt,
1293 588 1514 628 dixerunt.
1575 587 1708 638 Quod

263 657 301 696 si
323 656 420 708 quis
451 669 477 696 a
504 656 721 697 Thessalo
754 655 963 696 Herculis
995 654 1047 696 F.
1069 667 1147 695 eos
1183 655 1433 708 appellatos
1463 654 1710 696 Thessalos

264 723 386 771 dicit,
409 722 635 763 reddenda
654 723 735 763 erit
766 723 807 762 ei
837 722 965 771 ratio,
985 735 1060 762 cur
1088 735 1312 775 nunquam
1344 727 1445 762 ante
1478 721 1711 775 insequen-

264 794 349 831 tem
379 790 644 830 Thessalum
670 803 724 830 ea
755 802 864 843 gens
898 790 942 830 id
975 790 1166 830 nominis
1189 788 1487 843 usurpaverit?
1547 788 1711 843 Liquet

265 870 323 897 ex
350 857 417 898 his
447 857 631 906 abunde,
672 858 797 909 longe
830 857 1037 898 seriorem
1071 856 1278 910 Trojanis
1309 856 1581 909 temporibus
1612 869 1710 896 esse

262 924 383 965 illam
406 924 765 977 appellationem.
826 924 912 963 Sed
943 929 988 964 et
1009 925 1083 976 qui
1105 937 1203 964 eam
1220 924 1274 964 ab
1296 923 1510 964 Thessalo
1538 922 1711 963 Hercu-

262 991 317 1032 lis
350 991 398 1032 F.
420 991 691 1039 derivabant,
725 1003 812 1030 non
844 994 988 1031 tamen
1022 991 1140 1031 illius
1173 995 1370 1043 tempore
1401 992 1610 1043 coeptam,
1632 988 1711 1029 sed

263 1059 492 1112 aliquanto
514 1063 618 1111 post
646 1059 701 1098 ab
723 1058 842 1098 illius
872 1058 1076 1099 Thessali
1097 1058 1284 1112 posteris
1307 1061 1458 1106 ortam,
1481 1061 1524 1097 et
1543 1056 1711 1108 regioni

265 1126 320 1165 ab
343 1138 390 1165 se
408 1128 639 1178 occupatae
657 1126 702 1165 in
721 1124 932 1165 honorem
953 1125 1244 1178 progenitoris
1266 1124 1335 1165 sui
1351 1123 1608 1173 impositam
1624 1128 1713 1163 tra-

264 1191 439 1233 debant.
480 1192 599 1233 Vide
620 1192 879 1233 Strabonem
902 1191 977 1231 lib.
997 1202 1068 1231 lx.
1092 1195 1302 1232 extremo.
1347 1191 1477 1231 Adde
1495 1194 1639 1231 autem
1653 1189 1710 1230 iis

263 1257 425 1299 Velleii
447 1259 581 1300 etiam
601 1271 667 1308 ea,
698 1270 800 1312 quae
830 1270 936 1298 mox
968 1262 1179 1299 memorat
1213 1259 1330 1299 idem
1359 1259 1414 1299 de
1449 1261 1462 1280 ‘
1484 1257 1709 1307 Corintho,

263 1327 399 1367 multo
416 1324 427 1340 '
456 1327 592 1366 etiam
604 1333 615 1349 ‘
632 1331 733 1380 post
749 1326 883 1366 Ilium
897 1325 1098 1379 captum'
1115 1327 1180 1367 sic
1195 1328 1435 1376 nominata,
1455 1330 1497 1367 et
1517 1330 1666 1366 tamen
1684 1337 1711 1365 a

262 1399 412 1435 nostro
439 1394 599 1447 Dictye
619 1394 783 1447 saepius
819 1392 916 1433 solo
936 1393 1022 1434 hoc
1046 1392 1237 1433 Nomine
1259 1393 1497 1445 designata.
1556 1392 1645 1433 Sed
1666 1397 1710 1432 et

262 1461 349 1502 huc
384 1461 538 1511 refero,
571 1461 688 1515 quod
720 1464 732 1482 ‘
756 1459 999 1513 Corcyram
1032 1459 1298 1511 Melaenam,'
1328 1461 1384 1501 ab
1406 1461 1550 1501 AEnea
1581 1461 1710 1500 ‘con-

263 1527 484 1570 stitutam'
506 1529 566 1569 ait
599 1540 642 1570 v,
676 1528 746 1569 17.
777 1527 1029 1568 ‘civitatem
1062 1527 1143 1577 his,
1179 1528 1257 1581 qui
1290 1541 1440 1569 secum
1469 1528 1708 1580 navigave-

263 1596 384 1637 rant!
444 1596 614 1636 Etenim
636 1594 888 1649 ‘Corcyrae'
918 1608 1079 1635 nomen
1106 1595 1292 1635 necdum
1326 1595 1483 1636 habuit
1514 1598 1618 1635 tunc
1654 1607 1708 1634 ne

263 1664 489 1717 praecipua
509 1662 684 1715 quidem
706 1662 836 1702 istius
857 1661 1046 1703 nominis
1075 1662 1239 1711 insula,
1261 1662 1509 1716 saepissime
1527 1661 1630 1702 licet
1649 1661 1706 1701 ab

264 1729 461 1770 Homero
475 1732 726 1778 memorata,
747 1728 823 1769 sed
845 1729 966 1770 dicta
986 1729 1043 1769 ab
1061 1741 1114 1769 eo
1133 1727 1296 1784 Σχερία,
1319 1735 1364 1770 et
1388 1728 1565 1769 Φαιάκων
1586 1730 1706 1777 νῆσος,

262 1801 308 1838 at
329 1802 483 1851 postea
514 1797 704 1846 demum,
727 1797 861 1837 immo
893 1797 1072 1837 demum
1099 1803 1338 1851 postquam
1361 1796 1578 1838 Corinthii
1607 1808 1705 1836 eam

262 1869 501 1914 tenuerunt,
524 1864 562 1904 si
593 1863 702 1904 fides
724 1863 908 1912 Cononi,
933 1861 1136 1917 Κερκύρας,
1158 1877 1238 1905 seu
1261 1868 1273 1885 ‘
1289 1862 1519 1918 Corcyrae'
1550 1875 1707 1903 nomen

261 1932 448 1984 aceepit.
507 1930 626 1971 Vide
649 1930 854 1971 Palmerii
876 1929 1097 1971 Graeciam
1119 1928 1360 1984 Antiquam
1377 1931 1510 1971 11.10.
1570 1928 1708 1979 Quod

263 2000 302 2040 si
329 1999 470 2052 major
498 1998 645 2038 insula
669 1998 855 2038 necdum
890 1996 935 2037 id
972 2009 1130 2037 nomen
1160 2002 1262 2038 tunc
1295 1998 1504 2051 temporis
1535 1997 1706 2046 habuit,

261 2079 403 2120 neque
440 2066 578 2106 minor
615 2065 692 2106 illa
726 2070 770 2105 et
802 2065 979 2105 interior
1010 2065 1053 2104 in
1084 2063 1317 2106 Adriatico
1349 2065 1458 2106 mari
1490 2065 1704 2105 habuisse

261 2133 447 2174 videtur.
507 2131 635 2173 Certe
659 2131 858 2185 epitheto
880 2132 1190 2181 distinctionis,
1212 2135 1258 2172 ut
1277 2132 1493 2174 diceretur
1513 2132 1707 2185 Corcyra

262 2199 418 2252 Nigra,
437 2212 514 2240 seu
535 2196 723 2248 Μέλαινα,
755 2211 869 2251 opus
889 2211 974 2238 non
1008 2198 1106 2248 fuit,
1136 2199 1312 2251 quando
1345 2200 1466 2240 nulla
1497 2199 1586 2240 alia
1613 2204 1706 2240 erat

261 2266 420 2317 insula,
442 2279 541 2319 quae
563 2267 651 2306 isto
679 2265 854 2305 nomine
877 2264 1191 2318 designaretur.
1252 2265 1381 2306 Adde
1395 2265 1506 2318 jam,
1528 2266 1704 2307 Strabo-

259 2347 357 2374 nem
371 2334 553 2383 tradere,
572 2333 726 2374 urbem
743 2333 874 2373 istius
895 2332 1066 2382 insulae,
1087 2345 1172 2374 non
1193 2333 1250 2374 ab
1264 2333 1419 2383 AEnea,
1434 2333 1509 2374 sed
1530 2346 1557 2374 a
1579 2332 1705 2374 ‘Cni-

261 2401 347 2442 diis
363 2400 373 2416 ’
396 2401 632 2450 conditam,
655 2399 855 2441 v11.315.

316 2477 484 2507 xxvu.
516 2466 653 2507 Porro
687 2471 833 2507 autem
873 2479 1008 2520 quam
1040 2467 1236 2520 ineptum
1278 2471 1349 2507 est
1378 2469 1422 2507 et
1453 2467 1640 2508 alienum
1676 2480 1704 2508 a

258 2534 441 2588 Trojani
463 2534 670 2586 temporis
697 2534 926 2587 scriptore,
949 2534 1067 2587 quod
1099 2537 1310 2574 memorat
1329 2533 1383 2574 de
1410 2534 1548 2574 literis
1571 2534 1706 2574 Puni-

261 2601 341 2650 cis,
361 2602 416 2641 ab
436 2599 606 2641 Cadmo
641 2600 885 2654 Danaoque
918 2600 1106 2649 traditis,
1128 2601 1289 2653 quibus
1317 2601 1360 2640 in
1390 2600 1706 2642 conscribenda

260 2668 344 2707 hac
382 2666 569 2707 historia
599 2679 707 2707 usus
735 2667 808 2716 sit,
831 2670 873 2706 et
904 2666 959 2706 de
991 2669 1003 2687 ‘
1023 2667 1281 2707 diversitate
1318 2666 1553 2708 sermonis’
1587 2667 1704 2708 inter

260 2732 464 2782 Graecos,
484 2733 618 2773 immo
640 2737 686 2773 et
704 2733 828 2787 ipsos
847 2731 1002 2782 Cretae,
1017 2733 1144 2773 unius
1164 2733 1334 2784 insulae,
1356 2733 1540 2774 incolas.
1581 2733 1702 2774 Nam

260 2799 437 2840 ‘literas
451 2798 460 2813 '
483 2800 634 2852 utique
656 2798 816 2842 diversi
838 2799 1005 2853 generis
1026 2811 1111 2840 non
1141 2799 1386 2841 habuerunt
1406 2798 1699 2853 antiquissimi
