1915 3231
450 322 514 352 DE
547 320 785 352 HISTORIA
821 321 968 351 BELm
1001 320 1232 351 TROJANL
1505 310 1561 351 23

113 416 197 457 sibi
217 416 477 470 praescripto
499 416 542 457 in
562 415 720 468 vulgus
742 415 967 468 quondam
997 415 1119 456 exiit.
1179 414 1355 468 Nempe
1387 413 1563 461 Suidas,

110 483 140 524 J
144 483 337 524 ohannes
360 481 543 532 MaIela,
562 486 605 523 et
625 495 681 523 ex
701 495 753 523 eo
768 481 974 532 Tzetzes‚
999 481 1241 530 Cedrenus‚
1261 481 1437 534 aliique,
1453 493 1563 533 quos

112 550 215 591 vide
227 549 342 603 apud
362 549 550 590 Leonem
574 548 786 589 Allatium
809 547 864 588 de
888 548 1042 589 Patria
1064 547 1254 588 Homeri
1274 559 1376 600 pag.
1398 547 1467 587 53.
1482 548 1562 587 &c.

112 629 164 657 eo
185 629 323 669 usque
342 617 470 657 nobis
493 616 758 669 praeiverunt
778 615 861 655 hac
898 615 945 655 in
975 615 1206 664 sententia,
1227 617 1277 654 ut
1297 613 1479 667 quidam
1506 626 1563 654 ex

113 682 169 723 iis
187 684 318 724 etiam
342 682 581 724 Homerum
602 694 660 722 ex
691 682 766 722 illo
799 681 964 734 Dictye
992 694 1073 722 sua
1095 680 1297 721 hausisse
1319 679 1565 721 affirmave-

112 749 208 791 rint.
268 749 376 790 Inde
413 762 514 802 ergo
547 753 590 790 et
620 748 813 789 Vossius
848 748 982 789 Pater
1015 749 1060 788 in
1095 748 1340 789 Historicis
1373 747 1565 797 Graecis,

114 816 365 870 Scriptores
395 815 629 870 quosdam,
665 815 801 869 inque
830 816 886 855 iis
917 815 1033 856 hunc
1067 816 1246 869 Dictyn,
1279 814 1335 855 ad
1374 814 1568 869 Trojana

113 888 318 936 tempora
337 883 477 925 refert.
538 882 629 923 Sed
660 887 705 922 et
733 882 828 923 Leo
851 881 1042 923 Allatius
1065 882 1285 923 Graeculis
1318 882 1428 931 suis,
1450 893 1567 935 quos

114 949 246 990 modo
266 949 524 999 memoravi,
547 949 676 990 nimis
705 949 884 990 facilem
916 954 994 991 aut
1025 950 1254 990 credulum
1285 963 1331 989 se
1359 949 1568 1003 praebuit,

116 1018 374 1072 Dictynque
405 1018 519 1059 hunc
561 1032 659 1059 vere
695 1021 707 1039 ‘
723 1018 900 1060 Troicis
936 1020 1207 1074 temporibus
1250 1017 1495 1072 aequalem:
1527 1021 1570 1058 et

115 1084 218 1126 ideo
239 1088 251 1106 ‘
267 1085 457 1135 Italica,'
489 1099 590 1139 quae
614 1085 794 1138 vulgata
817 1085 970 1127 Suidae
989 1086 1121 1127 lectio
1151 1086 1217 1127 illi
1244 1086 1410 1134 tribuit,
1432 1088 1443 1105 ‘
1461 1085 1569 1125 scri-

115 1153 216 1193 bere
236 1165 322 1193 non
343 1153 544 1206 potuisse
561 1152 571 1168 '
594 1153 835 1203 contendit,
858 1155 870 1174 ‘
885 1166 984 1194 cum
1006 1156 1112 1194 tunc
1134 1153 1306 1194 Italicae
1330 1166 1400 1193 res
1422 1152 1469 1192 in
1490 1152 1570 1192 ob-

119 1232 250 1261 scuro
272 1219 451 1261 essent.'

179 1298 230 1326 ιι.
262 1287 415 1328 Errare
433 1292 581 1328 autem
602 1301 683 1328 eos
707 1291 752 1329 ut
774 1290 961 1333 constet,
983 1286 1300 1328 ostendendum
1320 1286 1449 1327 nobis
1480 1286 1571 1339 pri-

120 1365 173 1393 us
193 1353 380 1395 Graecos
399 1354 554 1404 hosce,
592 1356 670 1408 qui
693 1355 855 1409 Dictyn
890 1354 1074 1395 subinde
1101 1354 1300 1403 laudant,
1323 1366 1410 1394 non
1432 1353 1572 1393 alium

119 1420 345 1470 habuisse,
369 1434 499 1474 quam
521 1423 652 1472 hunc,
675 1422 750 1476 qui
783 1422 974 1463 Neronis
1002 1426 1198 1475 tempore
1227 1420 1401 1473 fingitur
1421 1420 1573 1461 inven-

122 1491 193 1528 tus
215 1488 260 1528 in
283 1488 505 1529 Cretensis
529 1494 655 1530 terrae
677 1489 901 1543 sepulcro,
924 1493 968 1529 et
996 1501 1055 1530 ex
1085 1501 1173 1541 quo
1210 1486 1454 1540 Septimius
1476 1487 1574 1540 qui-

122 1557 222 1597 dam
244 1556 448 1597 Latinam
471 1556 582 1597 hanc
604 1556 874 1598 Versionem
892 1569 972 1597 seu
990 1556 1223 1609 Epitomen
1245 1555 1376 1595 nobis
1398 1555 1573 1596 concin—

121 1626 272 1663 natam
294 1623 482 1675 reliquit.
543 1623 773 1664 Posterius
793 1624 877 1664 hoe
900 1628 1056 1676 negant
1076 1626 1220 1663 tamen
1251 1635 1352 1663 cum
1373 1622 1462 1671 alii,
1483 1625 1575 1662 tum

123 1689 321 1730 Vossius
362 1690 405 1730 in
448 1689 695 1731 Historicis
733 1690 923 1740 Latinis,
966 1692 1010 1731 in
1045 1689 1292 1743 Septimio:
1339 1694 1575 1742 utrumque

122 1769 226 1798 vero
245 1756 274 1797 J
280 1770 345 1797 os.
371 1756 617 1806 Merccrus,
639 1761 683 1798 et
704 1757 835 1798 Anna
857 1758 1006 1807 Fabri,
1026 1758 1071 1798 in
1094 1756 1228 1798 Notis
1256 1755 1313 1798 ad
1336 1755 1576 1808 Prologum

122 1824 257 1865 nostri
280 1823 492 1865 Auctoris
513 1828 555 1865 et
577 1824 633 1865 ad
665 1825 742 1865 lib.
768 1836 831 1866 lv,
854 1837 955 1878 cap.
974 1825 1045 1865 21.
1107 1822 1236 1874 Quos
1268 1822 1346 1863 alii
1373 1822 1577 1876 plerique

124 1897 379 1944 sequuntur.
440 1891 537 1943 Ego
560 1904 664 1932 vero
685 1893 944 1946 neutiquam
964 1892 1053 1932 illis
1083 1891 1316 1940 assentior,
1337 1896 1382 1930 et
1403 1895 1578 1930 contra-

123 1959 250 2008 rium,
268 1959 354 1999 nisi
375 1958 515 2007 fallor,
536 1958 722 2012 liquebit
742 1959 1031 2000 clarissimum
1051 1958 1096 1999 in
1115 1957 1294 1998 modum
1311 1968 1369 1997 ex
1388 1956 1458 2005 iis,
1476 1968 1578 2009 quae

125 2025 286 2066 dicam.
346 2024 479 2066 Prius
503 2030 651 2066 autem
675 2026 924 2074 ostendam,
939 2025 1056 2078 quod
1080 2025 1203 2079 prius
1224 2023 1371 2078 posui,
1394 2023 1579 2065 Graecos

124 2091 260 2133 modo
280 2097 548 2134 memoratos
574 2105 663 2134 non
697 2093 833 2134 alium
863 2093 1071 2134 habuisse
1095 2097 1172 2134 aut
1201 2091 1379 2133 novisse
1402 2091 1580 2145 Dictyn,

128 2173 261 2214 quam
280 2160 396 2201 hunc
418 2160 643 2214 Septimii.

185 2238 261 2268 ιιι.
294 2227 346 2269 Id
379 2240 482 2270 vero
511 2228 793 2269 manifestum
824 2240 882 2268 ex
911 2240 979 2277 eo,
999 2225 1121 2280 quod
1156 2238 1284 2266 suum
1318 2225 1484 2280 Dictyn
1506 2238 1581 2277 ag-

125 2300 316 2336 noscunt
334 2295 487 2336 itidem
509 2299 705 2348 tempore
725 2295 902 2336 demum
920 2294 1098 2336 Claudii
1124 2293 1197 2334 vel
1219 2292 1415 2334 Neronis
1431 2294 1582 2335 inven-

127 2367 234 2413 tum,
253 2368 296 2405 et
326 2363 477 2404 eodem
515 2363 695 2416 quidem
730 2363 878 2412 modo,
902 2375 989 2416 quo
1020 2361 1063 2402 id
1097 2361 1222 2401 nobis
1251 2365 1398 2401 narrat
1433 2360 1581 2412 Septi-

128 2430 258 2479 mius,
281 2429 454 2470 scilicet
473 2430 518 2469 in
551 2429 760 2483 sepulcro
790 2430 926 2478 illius,
952 2434 1003 2470 ut
1034 2428 1173 2477 aiunt,
1195 2428 1400 2480 Dictyos,
1423 2430 1579 2480 aperto

128 2509 209 2550 per
242 2500 368 2538 terrae
397 2501 582 2546 motum,
616 2501 662 2537 et
697 2497 828 2538 isthic
856 2497 1035 2551 quidem
1068 2497 1101 2535 ἐν
1133 2493 1377 2548 uaso-mpla?
1400 2491 1581 2548 κιβωτίῳ,

129 2565 204 2619 ‘in
235 2565 387 2606 arcula
419 2563 629 2606 stannea.5
702 2564 774 2605 Ita
807 2570 918 2605 certe
960 2563 1137 2612 Suidas,
1179 2566 1223 2603 et
1260 2561 1365 2602 Joh.
1398 2561 1580 2610 Malela,

132 2645 265 2686 quem
286 2631 459 2681 videas,
488 2638 531 2672 et
552 2645 650 2673 cum
674 2632 821 2672 Latini
846 2632 1032 2685 Dictyos
1054 2629 1257 2683 Prologis
1280 2627 1476 2670 conferas
1507 2640 1581 2669 ve-

132 2701 226 2749 lim,
244 2712 348 2753 pag.
368 2698 466 2740 168.
489 2704 535 2740 et
556 2701 749 2740 maxime
770 2713 871 2753 pag.
888 2700 987 2740 322.

191 2778 258 2808 ιν.
292 2766 409 2807 Nam
449 2767 568 2820 quod
605 2768 688 2807 sub
720 2766 910 2808 Claudio
946 2764 1120 2819 proprio
1151 2764 1373 2804 inventum
1410 2763 1584 2805 tradunt

134 2847 264 2887 quem
305 2834 545 2887 Septimius
576 2835 658 2875 sul)
702 2833 879 2875 Nerone
919 2833 996 2882 ait,
1035 2831 1078 2873 id
1112 2837 1256 2873 ostum
1287 2843 1345 2872 ex
1376 2843 1442 2881 co,
1466 2832 1583 2884 quod
