1915 3231
453 356 516 386 DE
551 355 708 385 BELLO
740 353 967 384 TROJANO
1003 355 1100 384 LIB.
1133 355 1202 384 vt.

1466 344 1552 386 273

106 449 256 503 puella
277 449 428 490 ablata
447 462 526 502 per
545 449 664 498 vim:
683 452 868 490 exactus
888 461 967 501 per
988 448 1114 489 AEoli
1135 448 1334 489 insulasu
1365 448 1556 489 devene-

105 516 161 555 rit
180 514 236 556 ad
258 514 446 563 Circen,v
478 518 610 567 atque
630 515 729 555 iude
751 515 808 554 ad
831 513 1072 567 Calypso,w
1106 518 1335 568 utramque
1363 515 1556 568 reginam

106 580 344 621 insularum
374 580 419 620 in
450 582 548 634 quis
566 586 578 610 ³
611 581 908 629 morabantur,
942 585 989 621 et
1025 580 1296 634 quibusdam
1334 580 1556 621 illecebris

712 707 729 719 Ι
733 707 846 720 OOOOOO
851 707 926 720 ‘60‘
930 707 948 719 O

149 773 168 801 3
186 771 309 813 Delph.
327 772 446 813 quibus.

762 869 904 903 NOTAE

149 952 159 973 t
182 951 363 984 Intervenlu
385 954 487 993 patris
506 954 611 994 puella
631 955 735 986 ablata
750 965 807 996 per

106 1002 185 1043 vim]
202 1003 423 1044 Polyphates,
438 1008 536 1044 pater
553 1005 690 1044 puellae,
705 1005 806 1036 adve-

107 1052 201 1082 niens
217 1061 292 1083 eam
317 1062 379 1093 per
402 1053 467 1084 vim
493 1053 605 1094 Ulyssi
628 1053 808 1094 abstraxit,

106 1100 283 1142 ipsumque
300 1110 341 1132 ex
356 1102 465 1133 insula
481 1102 609 1143 abegit,
623 1105 687 1134 διο.

152 1155 166 1171 “
188 1151 274 1181 AEoli
287 1151 421 1192 insulas]
455 1151 587 1192 AEoliae,
617 1152 745 1183 eaedem
773 1157 809 1183 et

108 1200 287 1232 Vulcaniae
311 1208 348 1232 et
371 1201 646 1242 Hephaestiades,
675 1207 809 1242 septem

109 1250 228 1281 insulae
247 1250 390 1282 occiduo
405 1251 530 1282 Siciliae
551 1252 660 1283 littori
673 1252 809 1292 opposi-

109 1303 167 1330 tae.
210 1299 338 1330 Earum
354 1300 433 1330 olim
450 1309 510 1331 rex
531 1300 667 1339 AEolus;
702 1302 757 1342 qui
775 1302 809 1332 iu

110 1358 171 1379 sua
193 1353 366 1389 potestate
394 1355 512 1381 ventos
543 1350 670 1381 habere
697 1351 809 1382 dictus

111 1403 176 1438 est,
201 1400 279 1440 quia
295 1409 337 1430 ex
360 1400 495 1432 nebulis
512 1405 547 1432 et
573 1401 666 1433 fumo
692 1401 810 1433 futura

109 1447 217 1480 flabra
254 1454 433 1481 ventorum
469 1451 695 1491 praedicebat.
754 1452 810 1483 lta

112 1499 256 1531 Diodor.
286 1500 381 1531 Serv.
405 1504 441 1532 et
471 1500 539 1531 alii.
583 1500 650 1531 Sed
681 1501 810 1541 optime

111 1548 228 1580 docuit
244 1549 448 1588 Bochartus‚
464 1549 573 1590 ipsum
590 1550 675 1581 AEoli
690 1559 811 1582 nomeu

110 1597 237 1630 fabulae
249 1599 359 1630 locum
371 1598 526 1631 dedisse:
549 1600 598 1630 nol
610 1599 697 1630 enim
710 1599 811 1630 Phoe-

109 1648 243 1679 nicibus
271 1653 324 1679 est
347 1647 459 1688 ἄελλα,
481 1649 642 1689 procella,
662 1653 810 1689 tempes-

110 1702 172 1729 tas.
219 1697 315 1729 Unde
339 1698 454 1729 AEolus
474 1698 626 1729 creditus
642 1699 811 1730 Phoenici-

111 1747 173 1778 bus
196 1757 270 1779 esse
293 1756 354 1778 rex
375 1748 480 1787 nolim,
493 1747 527 1778 id
544 1751 608 1788 est,
624 1752 810 1788 tempesta-

110 1802 194 1828 tum.

152 1851 167 1866 v
189 1847 241 1878 Aa
262 1847 390 1887 Circen]
425 1848 535 1881 Quam
558 1847 591 1879 in
609 1847 716 1878 insula
732 1848 814 1879 AEea

111 1895 285 1928 habitasse
302 1898 420 1929 scribit
438 1898 581 1929 Homer.
616 1899 682 1929 Illa
699 1903 814 1929 autem

111 1946 221 1977 insula
243 1955 332 1978 nuuc
358 1947 469 1978 Italiae
496 1949 765 1988 promontorium
793 1959 813 1980 a

112 1996 212 2027 Circe
229 1996 398 2028 Circeium
416 1996 557 2028 dictum.
582 1998 634 2028 De
652 2008 717 2037 qno
734 1999 812 2029 Ser—

112 2046 184 2077 vius
200 2046 234 2077 in
252 2045 326 2076 AEn.
342 2055 399 2078 111.
431 2047 440 2064 ‘
455 2047 523 2079 Qui
546 2056 637 2078 nunc
657 2048 813 2078 Circeius

111 2105 207 2126 mous
229 2106 249 2126 a
271 2096 373 2127 Circe
395 2095 533 2132 dicitur,
557 2096 755 2137 aliquando,
775 2102 813 2129 ut

111 2146 222 2178 Varro
239 2146 336 2186 dicit,
350 2146 458 2177 insula
473 2145 560 2185 fuit3
583 2147 732 2177 nondum
748 2147 812 2178 sic-

111 2197 196 2229 catis
219 2196 415 2238 paludibus,
429 2207 505 2238 quae
521 2207 596 2228 eam
613 2197 813 2229 dividebant

112 2257 132 2278 a
144 2246 363 2279 continente?
389 2247 435 2278 Et
443 2251 522 2278 ante
537 2246 692 2278 Servium
705 2247 813 2278 Theo-

112 2296 272 2337 phrastus
286 2296 403 2328 histor.
422 2296 539 2327 Plant.
560 2305 586 2327 1.
610 2299 642 2327 8.
664 2296 813 2336 scripsit,

112 2346 220 2385 λέγειν
249 2345 323 2378 τοὺς
356 2344 536 2386 ἐγχωρίους,
568 2345 608 2377 ὡς
637 2345 768 2376 ἐνταῦθα
793 2345 814 2384 ἡ

113 2396 210 2436 Κίρκη
220 2407 361 2437 κατῳκει,
370 2395 421 2427 καὶ
431 2394 580 2436 πρότερον
586 2394 643 2433 μὲν
653 2393 706 2426 οὖν
718 2397 815 2433 νῆσον

113 2444 190 2478 εἶναι
203 2446 242 2477 τὸ
262 2448 418 2487 Κιρκαῖον.
462 2446 527 2477 Νῦν
545 2444 578 2477 δὲ
594 2445 652 2476 ὑπὸ
667 2447 814 2485 ποταμῶν

113 2498 206 2528 τινῶν
215 2498 462 2537 προσ-κεχῶσθαι,
474 2495 524 2527 καὶ
536 2493 612 2526 εἶναι
622 2494 719 2532 ἠϊόνα.
730 2496 739 2512 ‘
752 2496 814 2527 Di-

114 2555 191 2577 cere
207 2546 335 2577 incolas
355 2546 401 2577 ibi
424 2546 544 2577 Circen
567 2545 755 2585 habitasse,
772 2555 813 2577 ac

114 2595 207 2635 prius
230 2594 367 2636 quidem
386 2594 491 2626 fuisse
510 2595 667 2626 insulam.
712 2595 814 2626 Nunc

116 2648 229 2676 autem
246 2654 266 2676 a
279 2643 472 2676 fluminibus
483 2643 686 2686 quibusdam
698 2652 816 2684 agges-

115 2699 185 2726 tam
201 2704 277 2727 esse
293 2700 432 2737 terram,
446 2700 483 2727 et
499 2695 730 2727 continentem
743 2693 813 2725 fac-

116 2743 212 2776 tam.'

157 2798 179 2813 w
200 2792 254 2825 Ad
272 2792 422 2834 Calypso]
445 2792 594 2824 Atlantis
609 2792 725 2832 filiam,
737 2801 813 2833 quae

116 2843 283 2885 Ogygiam
313 2843 463 2873 Insulam
491 2843 680 2874 habitabat.
710 2842 812 2873 Hom.

118 2893 187 2926 Od.
216 2897 255 2924 Η.
291 2891 425 2931 Ὠγυγίη
453 2903 499 2924 τις
522 2893 616 2929 νῆσος
641 2891 812 2932 ἀπόπροθεν

202 2945 316 2987 Delph.
331 2948 361 2975 et
379 2944 453 2976 Var.
473 2945 557 2976 Clas.
758 2944 847 2975 Dict.

860 954 904 986 εἶν
919 953 971 985 ἁλὶ
987 954 1199 995 κεῖται,”Ενθα
1213 953 1270 992 μὲν
1278 952 1454 984 ’Ἄτλαντος
1468 951 1562 992 θυγά-

859 1016 927 1045 τηρ,
936 1004 1092 1035 δολόεσσα
1103 1003 1249 1043 Καλυψὼ,
1259 1002 1347 1033 Ναίει
1356 1002 1562 1040 ἐϋπλόκαμος,

860 1055 942 1092 δεινὴ
957 1053 1045 1085 Θεός.
1092 1055 1100 1071 ‘
1116 1054 1264 1094 Egregia
1279 1052 1434 1093 quaedam
1455 1052 1563 1083 insula

861 1105 961 1145 longe
973 1104 1098 1135 inmari
1109 1104 1219 1144 jacet,
1235 1103 1304 1134 Ubi
1318 1102 1464 1133 Atlantis
1479 1102 1563 1140 filia,

863 1156 980 1186 dolosa
1005 1155 1165 1194 Calypso,
1192 1152 1350 1191 Habitat,
1375 1151 1565 1192 pulchrico·

863 1214 918 1236 ma
933 1204 1045 1245 gravis
1069 1203 1166 1235 Dea.’
1211 1202 1281 1234 Ubi
1303 1201 1410 1233 fuerit
1432 1201 1490 1232 illa
1513 1202 1564 1232 iu-

863 1254 948 1293 sula,
961 1255 1016 1285 vix
1031 1253 1132 1284 hodie
1148 1257 1243 1284 certo
1255 1252 1323 1283 dici
1340 1251 1469 1292 possit;
1485 1260 1562 1281 nam

863 1303 952 1344 quod
970 1313 1044 1334 eam
1068 1302 1170 1343 aliqui
1187 1305 1343 1333 statuunt
1364 1301 1456 1331 circa
1478 1299 1564 1331 Sici-

863 1353 956 1392 liam,
981 1353 1033 1383 vel
1053 1354 1154 1393 juxta
1177 1350 1350 1382 Lacinium
1369 1353 1565 1389 promonto-

864 1402 963 1441 rium,
994 1401 1028 1432 id
1057 1400 1191 1431 omnino
1223 1409 1243 1431 a
1272 1408 1353 1430 vero
1383 1398 1566 1429 abhorret:

865 1461 941 1482 nam
965 1460 1008 1482 ex
1030 1450 1183 1482 Homero
1207 1449 1381 1488 discimus,
1406 1448 1565 1488 Ulyssem

865 1510 907 1532 ex
924 1499 1058 1541 Ogygia
1069 1500 1252 1540 Corcyram
1266 1498 1417 1529 delatum
1429 1496 1567 1528 decima

865 1555 989 1582 octava
1011 1549 1067 1580 die
1090 1548 1329 1589 navigationis,
1351 1557 1428 1579 cum
1451 1552 1567 1578 tamen

864 1604 968 1631 vento
995 1599 1144 1630 secundo
1169 1608 1247 1629 usus
1267 1597 1400 1628 fuisset.
1444 1596 1567 1626 Remo-

865 1650 931 1681 tior
947 1659 1028 1690 ergo
1044 1648 1109 1681 fuit
1125 1650 1181 1680 illa
1198 1649 1304 1679 insula
1324 1658 1363 1680 ac
1381 1648 1479 1687 vulgo
1496 1647 1568 1688 opi-

863 1704 998 1730 nantur.
1044 1699 1118 1739 Ego
1144 1698 1290 1729 libenter
1312 1697 1487 1728 crederem
1505 1706 1568 1736 per

864 1749 1033 1790 Ogygiam
1047 1749 1102 1780 hic
1117 1747 1299 1789 AEgyptum
1316 1746 1503 1778 Homerum
1521 1746 1570 1776 in-

868 1799 1060 1830 tellexisse:
1085 1807 1160 1829 eam
1182 1791 1271 1828 enim
1289 1801 1323 1827 et
1342 1796 1511 1836 Ogygiam,
1533 1800 1569 1826 et

868 1848 1007 1879 insulam
1033 1848 1112 1879 olim
1138 1847 1264 1878 dictam
1289 1845 1408 1884 fuisse,
1435 1850 1567 1876 certum

868 1903 932 1930 est.
978 1898 1057 1929 Huc
1074 1897 1209 1929 accedit
1222 1896 1313 1938 quod
1330 1895 1399 1926 Od.
1414 1901 1454 1925 Δ.
1486 1895 1571 1925 Pro-

868 1952 942 1979 teus
964 1948 1126 1979 Menelao
1154 1946 1252 1985 dicit,
1279 1955 1315 1976 se
1341 1945 1499 1985 Ulyssem
1524 1944 1571 1974 vi-

868 1999 959 2030 disse
988 1999 1020 2029 in
1052 1998 1161 2028 insula
1191 1997 1225 2027 in
1256 1996 1357 2026 domo
1389 1995 1568 2034 Calypsus.

866 2048 942 2081 Jam
970 2049 1117 2080 Proteus
1133 2046 1310 2088 AEgyptins
1327 2044 1406 2084 fuit,
1424 2045 1477 2075 vel
1495 2053 1569 2075 cer-

867 2103 901 2129 te
919 2098 1082 2129 Pharius:
1110 2105 1249 2128 necesse
1271 2100 1324 2126 est
1341 2093 1568 2135 igitnripsum

866 2149 900 2178 in
924 2148 1082 2188 Ulyssem
1107 2145 1268 2177 incidisse
1291 2145 1325 2175 in
1351 2144 1460 2175 vicino
1487 2153 1569 2185 quo-

866 2197 943 2228 dam
966 2198 1053 2237 loco,
1073 2197 1146 2227 sive
1163 2195 1348 2235 AEgyptum
1374 2193 1480 2233 dicas,
1496 2193 1568 2224 sive

866 2246 968 2277 alium
986 2255 1097 2287 quem.
1141 2246 1228 2275 Sane
1246 2253 1288 2274 ex
1304 2242 1473 2273 Strabone
1488 2241 1570 2273 faci-

868 2296 899 2327 le.
917 2295 1072 2336 colligas,
1089 2294 1238 2334 AEgypto
1257 2292 1401 2322 vicinam
1425 2291 1568 2322 insulam

867 2346 986 2385 fuisse,
1001 2354 1112 2385 neque
1138 2341 1419 2380 commentitiam,
1439 2344 1476 2370 ut
1498 2340 1572 2381 qui-

867 2397 944 2428 dam
961 2400 1136 2436 putavere.
1181 2393 1237 2423 Ita
1253 2392 1341 2423 enim
1367 2391 1425 2422 ille
1441 2390 1527 2421 libro
1544 2400 1569 2421 1.

865 2449 874 2465 ‘
889 2447 1021 2479 Quibus
1038 2445 1139 2476 etiam
1158 2442 1311 2474 Platonis
1323 2441 1405 2472 illud
1422 2449 1569 2472 commo·

868 2496 911 2528 de
937 2494 1127 2535 subjungit,
1152 2501 1274 2532 nempe
1299 2489 1373 2521 fieri
1402 2499 1503 2531 posse
1527 2494 1567 2521 ut

868 2555 934 2577 non
952 2545 997 2576 sit
1012 2544 1211 2583 figmentum
1227 2541 1275 2582 id,
1292 2539 1381 2581 quod
1393 2540 1435 2570 de
1448 2538 1569 2570 Atlan-

869 2595 941 2627 tide
970 2591 1096 2625 insula'
1123 2592 1188 2633 (sic
1212 2591 1390 2622 dicebatur
1412 2589 1568 2629 Ogygia)

868 2646 877 2663 ‘
892 2645 1015 2683 fertur,
1031 2642 1074 2673 de
1091 2652 1157 2683 qua
1172 2641 1199 2672 is
1210 2642 1260 2671 ait
1275 2638 1456 2671 tradidisse
1472 2639 1567 2670 Solo-

868 2702 958 2733 nem,
984 2692 1041 2733 qui
1067 2692 1115 2722 ita
1136 2691 1179 2721 ab
1195 2688 1364 2730 AEgyptiis
1388 2687 1567 2719 didicisset

867 2741 1116 2780 sacerdotibus,
1130 2740 1278 2771 deletam
1294 2748 1368 2770 eam
1385 2747 1474 2777 esse,
1489 2747 1565 2769 cum

866 2791 972 2823 fuerit
987 2789 1166 2831 aliquando
1187 2789 1383 2822 continente
1407 2791 1479 2819 tota
1500 2796 1566 2819 non

866 2842 976 2873 minoi·
991 2840 1125 2872 insula.'

868 2943 954 2975 Cret.
1451 2942 1473 2973 S
