1915 3231
598 381 658 411 DE
695 380 864 412 Exclu.
895 381 1062 412 'rRoJAE
1094 379 1293 411 His‘rore.
1576 367 1661 409 3529

221 474 421 530 Achilles
448 473 502 514 de
538 474 693 526 praelio
716 474 896 516 saucius
918 474 1058 515 redit:
1090 477 1306 526 pugnatur
1327 473 1547 514 continuis
1569 473 1661 514 ‹lie-

219 542 301 581 bus
322 552 418 581 sex·
459 539 546 580 Die
568 541 774 593 septimo,
792 541 896 581 dum
916 546 1101 593 uterque
1125 540 1348 580 exercitus
1370 540 1524 592 praelio
1543 553 1662 580 com·

219 607 358 647 misso
387 605 622 657 fugaretur,
645 605 859 655 Achilles,
885 607 960 659 qui
987 606 1211 658 aliquibus
1232 605 1388 646 diebus
1409 609 1596 646 vexatus
1617 606 1661 646 in

217 684 406 726 pugnam
445 684 530 712 non
570 670 809 724 prodierat,
844 671 1150 725 Myrmidonas
1182 672 1374 712 instruit.
1434 671 1661 721 Hortatur,

218 738 456 792 alloquitur
493 743 544 779 ut
581 738 749 779 fortiter
788 738 1125 791 impressionem
1158 738 1203 779 in
1242 738 1444 779 Troilum
1480 738 1662 780 faciant.

217 805 462 858 Postquam
483 804 622 858 major
641 817 745 857 pars
767 804 855 845 diei
877 804 1064 853 transiit,
1080 804 1253 857 prodit9
1272 804 1449 845 Troilus
1469 817 1528 845 ex
1548 818 1661 857 equo

216 871 388 913 laetus.¹¹¹
446 869 600 923 Argivi
621 870 816 911 clamore
838 884 992 923 magno
1012 871 1158 922 fugam
1174 871 1358 912 faciunt.
1408 861 1663 924 'Myrmido-

216 950 298 979 nes
319 950 627 991 supervenere,
641 937 981 991 impressionem
1001 939 1045 978 in
1057 937 1254 978 Troilum
1276 938 1458 986 faciunt,
1479 937 1532 978 de
1553 950 1662 990 quo-

216 1017 311 1045 rum
331 1017 514 1045 numero
535 1004 661 1045 multi
678 1017 706 1044 a
725 1003 877 1045 Troilo
898 1004 1169 1045 occiduntur.
1229 1005 1348 1045 Dum
1371 1004 1529 1045 acriter
1547 1016 1662 1057 prae-

215 1070 364 1120 liatur,
399 1083 538 1124 equus
569 1069 710 1111 Troili
744 1071 925 1111 saucius
959 1070 1137 1121 corruit,
1170 1070 1370 1111 Troilum
1402 1070 1662 1123 implicitum

215 1138 398 1178 excutit.
457 1137 570 1178 Eum
593 1136 795 1178 Achilles
817 1137 908 1177 cito
941 1137 1178 1178 adveniens
1201 1137 1381 1186 occidit,
1404 1141 1449 1178 et
1470 1149 1529 1177 ex
1550 1149 1663 1189 prae-

214 1204 275 1244 lio
296 1205 462 1245 trahere
482 1204 638 1257 coepit.
696 1203 756 1244 Et
777 1205 1090 1254 subtraxisset,
1123 1204 1208 1244 nisi
1245 1204 1456 1244 Memnon
1477 1203 1662 1256 eripuis-

217 1276 297 1320 set,
331 1274 373 1312 et
407 1270 625 1312 Achillem
660 1270 838 1311 vulnere
871 1271 1132 1313 sauciasset.
1191 1270 1386 1311 Achilles
1416 1269 1470 1310 de
1508 1270 1662 1324 praelio

218 1340 397 1379 saucius
417 1338 543 1379 redit.
605 1337 813 1377 Memnon
833 1337 1074 1391 insequitur
1104 1343 1145 1379 et
1176 1351 1275 1378 cum
1307 1338 1456 1378 multis
1480 1338 1662 1390 impres-

218 1404 387 1445 sionem
417 1404 535 1445 facit.
594 1404 660 1445 Ut
690 1404 888 1457 respexit
921 1418 1020 1444 eum
1052 1402 1264 1453 Achilles,
1297 1404 1478 1445 restitit:
1511 1406 1660 1444 curato

215 1471 364 1524 itaque
403 1471 595 1521 vulnere,
651 1475 698 1511 et
737 1470 1058 1524 aliquantulum
1097 1471 1341 1524 praeliatus,
1379 1469 1660 1510 Memnonem

214 1538 368 1578 multis
388 1538 533 1590 plagis
551 1537 752 1585 occidit,n
784 1542 829 1577 et
848 1537 945 1590 ipse
966 1538 1225 1578 vulneratus
1259 1537 1315 1578 ab
1347 1549 1401 1577 eo
1421 1548 1479 1576 ex
1500 1536 1660 1589 praelio

215 1605 414 1646 recessit.
473 1604 722 1657 Postquam
744 1603 977 1644 Persarum
998 1604 1086 1645 dux
1110 1605 1287 1645 occisus
1317 1606 1401 1652 est,
1432 1607 1477 1643 et
1506 1601 1661 1655 Troja-

215 1683 365 1711 norum
388 1671 608 1712 exercitus
629 1671 753 1710 susus
771 1674 852 1718 est,
882 1670 1042 1723 reliqui
1063 1671 1108 1710 in
1129 1669 1340 1723 oppidum
1362 1668 1660 1720 confugerunt,

214 1742 460 1790 portasque
483 1738 761 1778 clauserunt:
792 1737 993 1790 praelium
1024 1749 1114 1776 nox
1142 1736 1319 1776 dirimit.
1378 1734 1570 1775 Postera
1590 1733 1661 1774 die

215 1816 242 1844 a
262 1803 441 1845 Priamo
461 1803 593 1856 legati
611 1803 666 1844 ad
685 1802 1059 1855 Agamemnonem
1082 1802 1204 1843 missi
1227 1806 1344 1851 sunt,
1377 1805 1426 1842 ut
1457 1800 1660 1841 inducias

213 1874 442 1923 peterent:
472 1868 791 1922 Agamemnon·
809 1882 865 1910 ex
899 1870 1072 1909 consilii
1108 1868 1326 1909 sententia
1346 1869 1389 1908 in
1410 1867 1505 1907 dies
1526 1876 1660 1908 XXX.

213 1937 417 1978 inducias
438 1936 556 1977 facit.
620 1936 824 1976 Priamus
845 1935 1043 1976 Troilum
1065 1939 1109 1976 et
1129 1934 1410 1975 Memnonem
1428 1932 1661 1985 magnifico

212 2003 389 2044 funere⁰
418 2003 559 2044 effert:
592 2007 847 2056 ceterosque
879 2002 1045 2043 milites
1077 2002 1249 2054 utrique
1281 2000 1555 2054 sepeliendos
1583 2012 1660 2041 cu-

212 2074 319 2110 rant.
377 2069 485 2123 [34]
516 2069 722 2119 Hecuba,
743 2073 904 2110 moesta
927 2069 1047 2123 quod
1078 2069 1165 2110 duo
1199 2068 1278 2108 filii
1310 2068 1403 2121 ejus
1431 2067 1660 2108 fortissimi

215 2136 384 2178 Hector
404 2140 448 2177 et
465 2136 639 2176 Troilus
673 2137 730 2176 ab
763 2134 942 2177 Achille
977 2136 1188 2177 interfecti
1228 2138 1388 2184 essent,
1424 2133 1659 2175 consilium

214 2203 425 2243 muliebre
448 2202 722 2243 temerarium
742 2202 840 2242 iniit
865 2202 922 2242 ad
956 2202 1151 2243 dolorem
1185 2215 1310 2242 suum
1341 2199 1658 2241 ulciscendum.

214 2268 514 2310 Alexandrum
534 2267 669 2309 filium
691 2268 888 2318 accersit,
918 2272 1029 2319 orat,
1059 2268 1284 2319 hortatur,¹
1321 2271 1371 2308 ut
1404 2279 1450 2307 se
1482 2269 1524 2306 et
1554 2277 1659 2305 suos

819 2395 834 2406 Ι
838 2395 1031 2407 ΙΙΟΟΝΝΙΟ
1035 2394 1052 2406 0

254 2499 275 2527 9
291 2494 417 2527 Prodiit
433 2493 618 2535 Delph.—l
644 2492 828 2525 Omittitur
844 2503 908 2525 vox
923 2494 1066 2525 hortatur
1082 2493 1204 2534 Delph-

867 2624 1008 2657 NOTAE

214 2699 313 2732 Prior
327 2697 360 2729 in
376 2706 451 2728 eum
470 2696 540 2728 tela
555 2696 708 2738 conjicit.
961 2699 1074 2731 Aliter
1085 2699 1185 2739 paulo
1200 2698 1332 2739 Dictys,
1345 2705 1444 2738 quem
1461 2694 1550 2734 vide,
1561 2704 1607 2727 xv,
1623 2698 1657 2726 6.

255 2755 278 2770 ¹¹¹
303 2748 416 2779 Prodit
440 2746 563 2777 Troilus
585 2757 625 2778 ex
646 2758 720 2788 equo
740 2747 844 2788 loetus]
878 2749 908 2780 E
1003 2754 1017 2769 ⁰
1048 2750 1093 2780 Et
1120 2749 1316 2780 Memnonem
1345 2745 1505 2787 magnifico
1526 2744 1658 2784 struere]

214 2807 315 2831 curru
341 2805 510 2836 pugnasse
533 2797 694 2837 Troilum,
717 2797 818 2829 docet
833 2798 908 2829 Vir·
963 2794 1659 2839 Dictysscribit,'rrojanoscrematiMem-

215 2848 271 2888 gil.
296 2845 379 2885 Ejus
394 2845 503 2875 locum
519 2844 596 2875 vide
609 2845 650 2876 ad
667 2846 796 2885 Dictyn
810 2855 859 2878 lv-
876 2850 907 2878 9.
961 2848 1058 2879 nonis
1081 2848 1240 2888 reliquias
1264 2855 1345 2877 urna
1365 2844 1519 2876 conditas
1543 2844 1576 2875 in
1599 2853 1659 2884 pa-

257 2901 270 2917 ss
294 2896 489 2927 Memnonem
518 2894 622 2926 multis
648 2895 753 2936 plagis
781 2896 908 2937 occidit]
962 2898 1062 2930 trium
1075 2898 1181 2930 solum
1198 2896 1378 2928 remisisse.
