1915 3231
545 238 609 268 DE
641 237 798 268 manno
829 236 1055 268 TROJANO
1089 236 1183 267 ms.
1216 236 1280 266 ιν.
1551 225 1636 267 231

192 331 384 385 aliquam
416 330 605 384 regionis
635 331 681 372 in
716 344 805 385 qua
833 331 1043 384 reliquam
1062 331 1197 371 vitam
1217 330 1402 382 degeret,
1425 333 1638 371 semotam

191 399 247 440 ab
276 398 377 439 aliis
405 396 702 439 concederent.
763 398 880 439 Dein
904 397 960 438 ad
991 409 1128 438 naves
1156 395 1331 443 ductus,
1351 396 1429 436 ubi
1449 396 1638 437 concilio

190 465 355 506 mixtus
371 469 457 514 est,
474 465 611 506 multa
629 464 821 514 locutus,
840 463 947 504 Non
959 467 1089 513 metu,
1102 463 1179 510 ait,
1196 463 1363 511 mortis,
1380 475 1427 502 se
1448 463 1638 515 patriam

189 535 479 585 parentesque
519 531 737 580 deserere,
779 530 860 572 sed
900 530 1095 571 Deorum
1134 534 1340 570 coactum
1379 529 1641 578 aversione‚⁰

187 611 373 651 quorum
408 598 589 640 delubra
625 598 783 639 violari
817 598 874 638 ab
912 596 1186 646 Alexandro,
1216 608 1357 650 neque
1392 608 1457 646 se,
1492 609 1638 649 neque

188 665 376 706 AEneam
395 666 605 718 nequisse
627 663 735 718 pati.
779 664 873 715 Qui
888 666 1113 704 metuensp
1139 663 1399 704 Graeeorum
1419 663 1641 703 iracundi-

187 745 274 782 am,
293 731 413 785 apud
429 731 699 773 Antenorem
722 736 896 784 ageret⁵
917 742 1155 783 senemque
1173 735 1414 784 parentem,
1436 729 1490 770 de
1511 729 1639 783 cujus

186 799 397 840 oraculoq
445 798 717 840 imminentia
753 797 958 852 Trojanis
998 798 1118 838 mala
1158 810 1258 837 cum
1276 796 1294 822 ⁶
1338 797 1640 850 cognovisset,

185 865 301 906 ultro
321 866 569 920 supplicem
597 866 654 907 ad
691 879 772 907 eos
805 865 1045 906 decurrere.
1105 864 1230 904 Tunc
1252 865 1410 906 nostris
1430 863 1642 904 festinan-

185 931 303 973 tibus
324 938 495 974 secreta
515 932 792 985 dignoscere,
821 932 1012 986 Chryses
1033 935 1144 971 nutu
1165 931 1229 971 uti
1251 930 1471 971 silentium
1490 942 1640 983 agere-

187 1001 256 1039 tur
276 999 507 1051 significat,
537 1003 670 1053 atque
692 999 918 1041 Helenum
937 1011 1086 1040 secum
1109 998 1301 1039 abducit.
1362 996 1406 1038 A
1426 1009 1516 1051 quo
1536 997 1641 1038 doc-

188 1070 276 1114 tus,
307 1071 467 1107 cuncta
495 1066 685 1115 Graecis,
711 1067 777 1108 uti
802 1066 1017 1115 audierat,
1051 1065 1192 1106 refert.
1253 1063 1394 1105 Addit
1428 1068 1643 1117 praeterea

188 1136 362 1185 tempus
382 1132 564 1187 Trojani
587 1134 770 1184 excidii,
792 1134 927 1187 idque
943 1132 1217 1175 administris
1234 1132 1377 1172 AEnea
1397 1135 1530 1184 atque
1547 1130 1640 1172 An-

188 1204 338 1239 tenore
359 1198 465 1240 fore.
523 1200 640 1241 Tum
665 1201 883 1243 recordati
915 1213 1065 1241 eorum
1097 1214 1194 1254 quae
1229 1198 1420 1240 Calchas
1452 1197 1641 1244 dixerat,

189 1265 346 1306 eadem
369 1270 528 1307 cuncta
549 1267 916 1321 congruentiaque
948 1266 1310 1308 animadvertunt.
1383 1264 1491 1318 [19.]
1523 1263 1642 1305 Dein

187 1336 366 1385 postero
388 1332 475 1383 die,
496 1347 673 1387 egresso
695 1335 911 1388 utrimque
933 1334 1074 1375 milite
1094 1333 1151 1374 ad
1175 1332 1440 1383 bellandum,
1462 1330 1640 1385 plurimi

187 1398 476 1454 Trojanorum
498 1401 678 1450 cadunt,
710 1401 792 1442 sed
819 1414 876 1442 ex
903 1401 1041 1442 sociis
1072 1400 1324 1441 auxiliariis
1358 1411 1465 1453 pars
1496 1398 1641 1439 maxi-

188 1471 294 1506 ma.⁷
308 1472 322 1488 s
378 1464 442 1508 At
465 1468 540 1507 ubi
562 1468 865 1509 vehementius
887 1481 915 1509 a
934 1468 1095 1508 nostris
1118 1468 1316 1517 instatur,
1349 1471 1393 1507 et
1414 1465 1530 1507 omni
1553 1477 1640 1518 ope

187 1532 352 1572 bellum
374 1533 497 1574 finire
519 1535 561 1574 in
583 1535 731 1575 animo
753 1537 835 1584 est,
872 1534 1001 1587 signo
1037 1534 1138 1575 dato
1172 1534 1262 1574 dux
1296 1532 1401 1575 duci
1437 1532 1640 1580 occurrit,

186 1604 319 1652 atque
341 1600 385 1639 in
405 1614 452 1640 se
472 1601 674 1654 praelium
696 1605 970 1642 convertunt.
1028 1600 1144 1641 Tum
1164 1600 1418 1641 Philocteta
1437 1611 1641 1653 progres-

184 1678 259 1706 sus
281 1666 531 1717 adversum,
552 1666 857 1708 Alexandrum
893 1667 1091 1717 lacessit,
1123 1668 1161 1707 si
1194 1666 1371 1708 auderet
1405 1666 1638 1719 sagittario

185 1734 432 1774 certamine.
492 1733 566 1775 Ita
602 1746 817 1776 concessu
852 1733 1082 1788 utriusque
1110 1734 1248 1788 partis
1284 1733 1473 1788 Ulysses
1506 1738 1638 1787 atque

794 1873 871 1886 0000
875 1874 993 1886 m‘OO
998 1874 1035 1886 00

185 1972 204 1999 5
232 1968 354 2009 Delph.
369 1972 538 2009 agera—6
560 1969 671 2001 Deest
690 1970 809 2002 vocula
824 1980 894 2001 cum
911 1970 943 2001 in
961 1969 1152 2009 Delph.—7
1177 1969 1311 2000 Desunt
1327 1969 1360 2000 in
1377 1969 1506 2009 Delph.
1523 1978 1638 2001 omnes

185 2020 286 2042 voces
299 2021 318 2043 a
333 2012 506 2044 bellandum
520 2022 626 2053 nsque
643 2012 684 2044 ad
699 2013 850 2044 maxima.
886 2013 989 2044 Hunc
1002 2013 1113 2043 locum
1132 2011 1285 2042 restituit
1299 2012 1466 2043 Obrecht.
1483 2021 1525 2043 ex
1543 2012 1638 2045 Med.

184 2052 270 2085 cod.
285 2063 361 2086 cum
378 2055 477 2096 vulgo
491 2054 666 2095 ederetur,
680 2065 805 2096 egresso
820 2055 966 2097 utrinque
982 2055 1094 2090 milite,
1109 2054 1148 2085 ab
1162 2054 1345 2086 Alexandro
1359 2055 1473 2086 cadunt
1497 2056 1538 2086 ad
1564 2055 1638 2086 solis

837 2185 870 2217 N
876 2183 984 2216 OTAE

225 2282 240 2297 ⁰
262 2277 402 2309 Deorum
414 2279 589 2321 aversione]
619 2280 666 2312 Ut
681 2279 770 2321 apud
787 2280 880 2313 illum

185 2327 282 2368 Virg.
307 2331 316 2345 ‘
330 2329 375 2359 Et
392 2338 515 2361 aversa
528 2331 641 2361 Deum
658 2330 776 2362 mens.’

225 2381 242 2402 Ρ
267 2377 332 2413 Qui
346 2379 496 2420 metuens]
524 2380 610 2411 Tota
625 2385 720 2412 certe
734 2381 808 2412 haec
824 2390 882 2421 pe-

184 2426 298 2458 riodus
307 2427 391 2459 mire
407 2428 572 2470 impedita
581 2435 617 2462 et
630 2429 788 2462 intricata
802 2431 884 2462 mihi

183 2475 331 2508 videtur.
383 2477 440 2510 Ita
470 2483 584 2510 tamen
613 2490 686 2512 eam
716 2481 882 2521 expedire

183 2526 384 2558 tentabam:
423 2527 433 2545 ‘
457 2529 514 2569 qui
541 2529 700 2570 (AEneas)
728 2535 882 2562 metuens

184 2575 382 2607 Graecorum
407 2577 633 2616 iracundiam,
655 2579 748 2621 apud
775 2579 880 2611 Ante-

183 2633 300 2656 norem
327 2635 509 2668 senemque
530 2633 709 2669 parentem
735 2628 879 2670 (Anchi-

185 2673 263 2715 sen)
286 2676 407 2716 agere’
423 2676 656 2719 (decreverat,
676 2678 815 2721 supple)
838 2679 881 2711 de

185 2722 280 2763 cujus
313 2727 448 2759 oraculo
484 2727 696 2760 imminentia
722 2729 880 2770 Trojanis

184 2773 274 2804 mala
293 2775 516 2817 cognovisset,
538 2782 664 2820 ‘seque
686 2778 776 2810 ultro
801 2788 880 2820 sup-

935 2279 1060 2321 plicem
1085 2277 1127 2310 ad
1155 2287 1214 2309 eos
1240 2275 1450 2310 decurrere!
1494 2274 1637 2316 Optimo

934 2339 1048 2362 sensu.

979 2385 995 2407 ‘1
1018 2379 1070 2410 De
1085 2378 1172 2417 cnjus
1186 2375 1323 2416 oraculo]
1357 2376 1426 2407 Hic
1449 2375 1636 2407 Anchisem

935 2428 1109 2461 divinandi
1126 2427 1271 2469 peritum
1286 2425 1439 2464 inducit3
1462 2430 1501 2456 ut
1518 2429 1551 2456 et
1568 2434 1635 2456 non

936 2479 1040 2511 semel
1062 2478 1185 2518 Vir-gil.
1231 2476 1331 2507 Unde
1355 2475 1454 2507 Serv.
1479 2475 1523 2506 ad
1549 2475 1635 2506 illud

937 2539 991 2562 xl.
1008 2529 1141 2561 AEneid.
1166 2529 1176 2545 ‘
1193 2527 1241 2560 At
1256 2531 1355 2568 pater
1370 2525 1536 2558 Anchises
1553 2536 1635 2557 ocu-

935 2581 987 2612 los
1005 2580 1046 2611 ad
1062 2579 1176 2610 sidera
1190 2579 1291 2610 laems
1306 2575 1462 2608 Extulit.’
1493 2577 1503 2593 ‘
1518 2577 1562 2608 Et
1576 2577 1633 2608 hic

933 2635 970 2662 et
986 2628 1092 2669 alibi‚'
1105 2628 1227 2669 inquit,
1242 2632 1250 2645 ¹
1262 2626 1446 2658 Anchisem
1459 2625 1634 2658 divinandi

933 2680 1082 2721 peritum
1096 2675 1251 2710 inducit.'

974 2735 988 2751 ¹·
1009 2729 1076 2771 [Ab
1091 2727 1286 2768 Alexandro]
1310 2726 1341 2759 A
1358 2726 1513 2769 partibus
1526 2726 1630 2760 Alex-

934 2778 1043 2812 andri.
