1915 3231
303 360 390 407 322
798 373 1015 402 nannius
1051 372 1256 403 PHRYGH

305 465 503 508 Stheneli
529 466 664 508 femur
676 467 829 522 jaculo
855 465 1006 520 figit:h
1041 479 1172 520 quem
1194 470 1239 507 ut
1263 465 1466 508 Achilles
1487 466 1686 520 respexit
1705 470 1749 509 et

304 537 374 574 tot
389 534 622 576 acerrimos
639 533 773 575 duces
795 535 850 575 ab
866 547 918 575 eo
935 534 1205 583 interfectos,
1227 535 1419 574 animum
1438 535 1482 575 in
1504 534 1626 574 illum
1648 533 1749 574 diri-

303 601 450 653 gebat,
470 605 519 641 ut
535 600 599 641 illi
617 602 775 642 obvius
797 600 931 642 fieret.
971 600 1289 641 Considerabat
1308 601 1421 641 enim
1433 598 1647 647 Achilles,
1660 600 1749 641 nisi

303 669 542 710 Hectorem
578 667 810 717 occideret,
849 668 995 720 plures
1031 667 1087 708 de
1128 667 1386 708 Graecorum
1426 679 1609 708 numero
1648 667 1747 721 ejus

303 735 487 776 dextera
508 736 738 789 perituros.
799 734 941 775 Multa
956 735 1095 776 millia
1113 734 1338 775 hominum
1351 734 1514 775 interea
1529 734 1749 775 trucidan-

303 806 386 844 tur.
431 801 546 843 Acre
565 802 758 856 praelium
781 799 1027 843 colliditur.i
1076 802 1249 843 Hector
1266 797 1570 854 Polypoetemk
1592 800 1749 841 ducem

301 869 588 910 fortissimum
627 868 820 909 occidit:
852 872 896 909 et
926 881 1026 909 cum
1059 869 1251 922 spoliare
1290 868 1515 921 coepisset,
1549 865 1749 907 Achilles

304 936 574 989 supervenit.
635 935 709 976 Fit
739 948 885 988 pugna
913 935 1067 989 major,
1101 940 1146 976 et
1176 936 1343 976 clamor
1373 934 1429 976 ab
1458 933 1626 987 oppido
1657 937 1700 973 et
1722 946 1749 974 a

301 1006 397 1043 toto
427 1002 564 1053 surgit
585 1001 797 1042 exercitu.
855 1001 1025 1042 Hector
1050 1001 1239 1042 Achillis
1259 1002 1400 1042 femur
1421 1000 1608 1041 sauciat.
1665 999 1748 1041 Ille

301 1068 451 1108 dolore
471 1071 673 1121 accepto,
689 1067 828 1119 magis
851 1081 948 1108 eum
970 1069 1175 1122 persequi
1195 1069 1344 1121 coepit,
1365 1080 1448 1108 nec
1470 1066 1641 1108 destitit
1661 1066 1747 1106 nisi

302 1134 535 1175 occideret.
595 1133 697 1183 Quo
728 1133 961 1174 interemto
1001 1134 1216 1188 Trojanos
1254 1135 1299 1175 in
1340 1134 1489 1186 fugam
1523 1134 1663 1183 vertit,
1702 1137 1749 1174 et

298 1202 495 1242 maxima
515 1201 638 1242 caede
666 1213 744 1241 eos
775 1213 916 1253 usque
951 1201 1008 1241 ad
1040 1204 1212 1254 portam
1240 1200 1425 1254 fugavit.
1485 1199 1570 1241 Cui
1597 1205 1747 1241 tamen

301 1266 530 1309 Memnonl
550 1267 787 1308 fortissime
810 1267 983 1315 restitit,
1004 1271 1048 1307 et
1068 1268 1226 1308 acriter
1245 1268 1358 1308 inter
1372 1280 1420 1308 se
1442 1269 1746 1308 certaverunt:

298 1335 394 1375 laesi
409 1334 576 1387 utrique
598 1333 910 1374 discesserunt.
963 1333 1070 1374 Nox
1091 1334 1298 1386 praelium
1319 1333 1496 1374 dirimit.
1544 1333 1746 1374 Achilles

299 1400 352 1440 de
381 1400 500 1441 bello
531 1399 708 1440 saucius
741 1399 870 1441 redit.
932 1399 1082 1441 Noctu
1109 1399 1291 1453 Trojani
1316 1400 1560 1441 Hectorem
1579 1400 1746 1442 lamen-

300 1471 462 1507 tantur.
523 1467 631 1519 [25]
663 1466 854 1507 Postera
875 1466 945 1507 die
969 1467 1150 1507 Troilus
1179 1466 1399 1520 'trojanos
1421 1466 1571 1508 educit
1592 1472 1748 1509 contra

300 1534 559 1575 Graecorum
598 1534 856 1574 exercitum.
914 1531 1217 1586 Agamemnon
1256 1535 1499 1574 exercitum
1534 1533 1746 1584 consulit,

299 1600 540 1653 suadetque
562 1599 763 1641 inducias
788 1599 968 1641 duorum
1001 1599 1214 1640 mensium
1236 1599 1469 1652 postulari,
1490 1600 1675 1653 quisque
1695 1604 1746 1642 ut

300 1679 405 1707 suos
425 1666 615 1718 sepelire
636 1666 798 1719 possit.
858 1666 1013 1718 Legati
1034 1665 1089 1706 ad
1121 1665 1347 1707 Priamum
1378 1666 1745 1720 proficiscuntur:

299 1733 564 1774 desiderium
588 1732 809 1786 prosecuti
830 1738 979 1782 sunt,lm
1001 1732 1189 1773 duorum
1208 1733 1425 1774 mensium
1447 1733 1650 1774 inducias
1671 1746 1746 1774 ac-

300 1799 483 1852 cipiunt.
533 1798 738 1839 Priamus
760 1799 1004 1840 Hectorem
1019 1803 1037 1821 ¹¹
1059 1811 1140 1839 suo
1162 1812 1279 1839 more
1302 1804 1401 1840 ante
1423 1803 1594 1852 portam
1617 1812 1744 1852 sepe-

297 1864 414 1913 livit,
435 1864 507 1905 cui
540 1864 673 1905 ludos
710 1864 918 1905 funebres
954 1865 1075 1906 facit.
1136 1865 1256 1906 Dum
1278 1865 1467 1906 induciae
1502 1868 1618 1914 sunt,
1655 1865 1744 1907 Pa-

296 1931 488 1971 lamedes
508 1932 665 1972 iterum
695 1944 784 1972 non
816 1936 962 1972 cessat
995 1931 1049 1972 (le
1082 1932 1265 1984 imperio
1297 1932 1517 1984 conqueri.
1579 1930 1742 1985 Itaque

297 1995 598 2050 Agamemnon
620 1998 831 2038 seditioni
852 1999 990 2039 cessit
1020 2002 1064 2039 et
1093 1998 1200 2039 dicit
1229 2011 1277 2038 se
1299 1998 1351 2038 de
1372 1998 1456 2038 hac
1478 2011 1525 2039 re
1555 1999 1744 2039 libenter

296 2063 527 2114 facturum,
543 2068 595 2105 ut
614 2077 744 2118 quem
767 2065 924 2105 vellent
947 2064 1262 2117 Imperatorem
1283 2064 1567 2117 praeficerent.
1627 2064 1743 2104 Pos-

298 2134 393 2170 tera
415 2130 484 2171 die
515 2131 731 2184 populum
754 2129 808 2170 ad
831 2130 1088 2171 concionem
1114 2133 1270 2171 vocat:
1302 2135 1430 2182 negat
1463 2143 1510 2170 se
1545 2143 1738 2183 unquam

298 2197 506 2250 cupidum
530 2197 701 2250 imperii
722 2197 884 2238 fuisse:
915 2198 1061 2238 animo
1084 2210 1215 2250 aequo
1237 2209 1284 2236 se
1305 2197 1499 2249 recipere
1521 2197 1558 2237 si
1579 2197 1742 2238 vellent

296 2263 397 2304 dare
416 2277 424 2301 :
457 2276 502 2304 se
522 2264 706 2304 libenter
726 2262 879 2304 cedere
897 2275 907 2303 ε
940 2263 1048 2303 satis
1068 2263 1154 2303 sibi
1175 2275 1271 2303 esse
1289 2262 1394 2303 dum
1423 2263 1571 2304 hostes
1602 2263 1736 2305 ulcis-

945 2381 1085 2412 NOTAE

295 2445 492 2482 Hectorem,
521 2446 710 2477 Leonteum
736 2444 832 2477 disco
857 2447 989 2476 certan-

295 2500 364 2528 tem
381 2496 524 2533 inducit,
540 2497 582 2527 Ii.
596 2499 636 2527 Ψ.

336 2545 352 2566 ¹²
374 2546 513 2577 Stheneli
526 2547 634 2584 femur
654 2543 777 2585 jaculo]
815 2545 893 2577 Hoc
921 2553 989 2576 non

294 2595 374 2627 alibi
390 2596 496 2636 legas.

334 2644 344 2665 ί
368 2643 449 2675 Aere
458 2644 600 2684 praelium
611 2644 783 2684 colliditur]
806 2644 903 2676 Nove
916 2643 988 2676 die-

294 2698 379 2730 tum,
395 2695 525 2735 opinor,
539 2695 549 2711 ‘
562 2694 721 2725 collidere
738 2694 915 2735 praelium.'

337 2742 353 2764 k
375 2743 581 2786 Polypoelem]
613 2743 681 2776 Sed
709 2753 784 2774 eum
809 2743 987 2780 Homerus,

294 2798 369 2833 post
387 2794 555 2825 ademtum
572 2793 771 2834 Hectorem,
795 2793 890 2825 disco
914 2804 986 2826 cer·

294 2847 422 2873 tantem
439 2843 581 2880 inducit,
596 2843 637 2874 ΙΙ.
652 2846 691 2874 Ψ.

336 2890 340 2911 ¹
371 2892 429 2923 Cui
443 2896 541 2924 minen
555 2891 716 2932 Memnon]
732 2891 798 2923 Sed
813 2890 867 2922 alii
878 2891 987 2924 Mem-

1042 2454 1162 2476 nonem
1176 2445 1281 2476 mnlto
1297 2448 1377 2475 ante
1389 2443 1430 2474 ab
1446 2441 1578 2474 Achille
1589 2441 1739 2474 occisum

1042 2495 1171 2526 dicunt.
1194 2494 1282 2525 Vide
1299 2493 1388 2534 apud
1406 2493 1543 2532 Dictyn.

1084 2550 1108 2566 ¹¹¹
1129 2543 1330 2576 Desiderium
1342 2542 1497 2584 prosecuti
1510 2541 1598 2582 sunt]
1620 2541 1660 2572 Id
1675 2545 1741 2582 est,

1043 2604 1232 2638 exposuere
1249 2592 1455 2625 desiderium
1471 2601 1579 2623 suum.
1622 2591 1738 2624 Nolim

1042 2648 1154 2676 tamen
1170 2644 1232 2674 hoc
1248 2642 1382 2674 imitari.

1082 2699 1098 2714 ¹¹
1134 2693 1282 2724 Priamus
1310 2691 1494 2732 Hectorem]
1544 2690 1641 2721 Solus
1671 2690 1736 2721 hoc

1041 2742 1127 2774 dixit
1142 2743 1265 2781 Dares,
1275 2745 1313 2772 ut
1324 2741 1396 2772 aliis
1411 2739 1566 2771 omnibus
1579 2740 1737 2771 adversa-

1041 2797 1155 2830 retur3
1181 2791 1237 2832 qui
1255 2791 1394 2822 tradunt
1411 2789 1572 2822 Hectoris
1588 2789 1737 2821 cadaver

1042 2841 1084 2873 ab
1102 2841 1232 2874 Achille
1248 2844 1432 2882 raptatum,
1446 2841 1510 2872 &m
1546 2839 1634 2871 Vide
1653 2839 1735 2870 Dic·

1041 2895 1108 2931 tyn.
