1915 3231
501 273 563 304 DE
595 271 832 304 H1s'ron1A
868 269 1015 300 BELL!
1048 269 1278 300 TROJANI·
1549 258 1605 299 53

156 373 324 414 idcirco
346 372 545 425 suspicer
572 371 720 421 ferme,
754 369 950 411 libellum
970 369 1100 417 hunc,
1121 368 1197 420 qui
1232 370 1398 408 tantam
1421 379 1512 420 prae
1551 380 1600 408 se

153 440 322 480 ferebat
339 439 661 493 antiquitatem,
683 442 728 478 et
757 437 804 478 in
824 449 912 490 quo
945 435 1067 476 varia
1090 435 1333 475 Historicae
1361 433 1465 474 fidei
1486 446 1600 486 prae-

153 509 275 547 textu
296 509 590 546 memorantur
610 504 808 552 oracula,
828 503 1058 550 vaticinia,
1087 500 1303 554 prodigia,
1325 504 1484 541 eventu
1520 513 1600 541 suo

152 573 340 621 firmata,
360 572 497 612 multa
517 571 652 612 etiam
686 570 894 611 vindictae
926 570 1123 610 Deorum
1146 567 1431 608 Ethnicorum
1453 567 1497 606 in
1519 567 1600 607 im-

150 639 251 692 pios
272 641 313 679 et
335 637 406 678 sui
422 641 721 680 contemtores
741 636 962 689 exempla,
983 636 1122 676 veluti
1141 636 1186 675 in
1210 633 1598 686 Agamemnonem,

150 705 227 758 qui
257 705 417 746 Dianae
439 717 620 758 capram
634 704 798 758 jaculis
816 702 1080 744 confixerat:
1111 702 1154 742 in
1176 700 1379 750 Graecos,
1403 699 1599 753 Chrysen

150 770 422 812 sacerdotem
442 771 664 824 Apollinis
686 772 969 824 aspernantes
987 782 997 810 :
1029 770 1073 810 in
1104 768 1257 816 Parin,
1279 767 1357 820 qui
1376 765 1597 807 Achillem

150 837 205 878 ad
228 850 346 878 aram
364 836 590 890 ‚Apollinis
609 837 852 878 occiderat:
884 836 927 876 in
946 836 1132 878 Graecos
1162 835 1334 883 iterum,
1355 833 1504 874 omnia
1525 845 1598 873 sa-

147 916 222 945 cra
241 903 443 945 incendio
463 903 659 958 Trojano
681 902 918 952 violantes,
939 902 1063 942 illum
1086 914 1187 954 ergo
1219 901 1413 942 libellum
1435 912 1463 940 a
1484 899 1597 951 Sep-

146 971 271 1012 timio
302 974 406 1011 tunc
436 982 489 1011 eo
518 969 804 1024 potissimum
839 969 987 1010 animo
1029 981 1221 1018 versum,
1244 973 1293 1009 ut
1313 967 1450 1008 veluti
1486 967 1597 1007 anti-

145 1037 348 1090 quissimi
365 1038 576 1089 temporis
596 1037 794 1085 historia,
817 1037 874 1077 ab
905 1036 1084 1077 homine
1101 1037 1293 1076 omnium
1315 1048 1458 1075 rerum
1481 1038 1595 1075 teste

146 1109 192 1144 et
212 1104 371 1144 arbitro
401 1103 671 1156 conscripta,
692 1115 744 1143 ac
776 1103 972 1143 Deorum
1003 1102 1285 1142 Ethnicorum
1317 1100 1593 1154 majestatem

144 1174 189 1210 et
218 1169 458 1222 potentiam
496 1173 564 1210 tot
597 1169 815 1222 exemplis
848 1182 1068 1218 asserens,
1103 1168 1316 1209 Historiae
1359 1168 1509 1208 Sacrae
1548 1171 1594 1206 et

144 1235 409 1276 Christianis
443 1236 491 1276 in
521 1235 650 1276 Italia
682 1247 735 1276 ac
763 1235 872 1275 urbe
894 1234 1039 1276 Roma
1061 1240 1371 1288 opponeretur.
1428 1232 1498 1274 Ac
1518 1246 1593 1274 ne-

143 1303 238 1343 scio
280 1315 336 1342 an
367 1302 457 1342 tale
484 1301 593 1355 quid
623 1302 667 1341 in
698 1301 784 1342 fine
817 1301 1033 1355 Epistolae
1072 1301 1355 1354 Septimianae
1385 1300 1591 1350 extiterit,

144 1368 262 1422 quod
282 1368 449 1409 librarii
470 1368 677 1421 deinceps
699 1368 940 1409 Christiani
961 1369 1158 1409 consulto
1180 1368 1416 1408 omiserint.
1465 1366 1591 1408 Certe

141 1435 308 1488 aliquid
330 1435 455 1476 isthic
496 1434 700 1476 extitisse
737 1434 922 1484 videtur,
957 1434 1076 1488 quod
1115 1435 1160 1474 in
1200 1434 1381 1487 legendo
1423 1434 1590 1487 Dictyn

140 1502 378 1555 Septimius
410 1500 620 1542 Rufinum
658 1505 703 1542 et
742 1501 854 1542 alios
887 1501 1080 1542 lectores
1119 1502 1402 1555 potissimum
1435 1506 1588 1542 notare

141 1567 346 1608 voluerit.

198 1644 406 1674 xxxvll.
439 1632 723 1687 Quapropter
748 1633 864 1674 haud
883 1634 946 1674 ita
966 1633 1099 1675 facile
1121 1633 1380 1675 accesserim
1400 1632 1585 1684 Vossio‚

137 1701 214 1754 qui
244 1700 508 1753 Septimium
539 1701 748 1742 ‘saeculis
778 1701 950 1754 aliquot
990 1706 1095 1754 post
1127 1700 1403 1741 Constantini
1442 1713 1587 1741 aevum

136 1767 306 1807 vixisse
329 1765 508 1816 censet,'
538 1766 616 1807 sed
636 1767 768 1807 nullis
801 1767 931 1820 plane
966 1768 1210 1808 rationibus
1241 1768 1285 1807 in
1307 1766 1501 1807 medium
1522 1767 1587 1807 al-

134 1833 251 1874 latis.
307 1832 460 1874 Josias
483 1833 713 1873 Mercerus
742 1838 849 1886 post
870 1833 1208 1875 Constantinum
1235 1847 1411 1887 quoque
1448 1834 1586 1887 scrip-

134 1900 248 1940 sisse
268 1902 411 1952 putat,
434 1899 511 1940 sed
533 1899 648 1940 futili
667 1912 849 1953 prorsus
871 1905 1139 1953 argumento,
1162 1902 1270 1956 quia
1291 1902 1389 1943 scil.
1409 1902 1453 1942 in
1476 1901 1583 1941 Pro-

133 1965 234 2017 logo
265 1966 375 2006 liber
403 1965 529 2006 hicce
557 1969 755 2019 tempore
776 1966 974 2007 Neronis
995 1968 1197 2009 inventus
1220 1968 1277 2009 ad
1301 1968 1444 2009 Cretae
1467 1966 1584 2007 Con-

132 2032 322 2072 sularem
357 2032 555 2085 perlatus
590 2033 762 2082 dicitur,
784 2046 884 2087 quae
909 2033 1219 2076 Consularium
1252 2036 1295 2076 in
1327 2034 1581 2075 Provinciis

133 2098 374 2151 appellatio
397 2111 424 2139 a
443 2097 728 2140 Constantino
749 2100 805 2141 sit
825 2100 1034 2154 profecta.
1094 2101 1184 2143 Sed
1203 2102 1361 2143 salsum
1384 2102 1470 2142 hoc
1484 2113 1582 2141 esse

131 2164 280 2205 multis
325 2165 530 2218 probavit
561 2165 755 2207 Merceri
795 2180 923 2220 gener
972 2168 1186 2210 Claudius
1236 2169 1485 2210 Salmasius
1523 2167 1581 2207 ad

130 2229 348 2283 Spartiani
381 2231 659 2273 Hadrianum
691 2246 731 2275 e.
750 2233 820 2274 22.
853 2240 899 2275 et
924 2235 1018 2289 jam
1039 2240 1137 2276 ante
1157 2236 1273 2278 hunc
1293 2235 1442 2278 Guido
1464 2235 1580 2277 Pano

131 2297 306 2337 eirollus
327 2296 382 2338 ad
404 2297 625 2338 Notitiam
649 2298 833 2353 Imperii
855 2301 1049 2343 Orientis
1070 2303 1167 2343 155.

186 2373 422 2404 xxxvtli.
453 2364 608 2417 Longe
629 2371 776 2407 autem
799 2369 970 2422 turpius
990 2382 1037 2410 se
1057 2369 1179 2411 dedit
1198 2370 1281 2410 hac
1304 2370 1347 2410 in
1368 2383 1412 2410 re
1433 2369 1577 2423 Gasp.

129 2429 372 2483 Scioppius
411 2429 665 2473 Paradoxis
697 2433 927 2475 Literariis
965 2435 1049 2489 Ep.
1069 2439 1109 2477 5.
1140 2438 1214 2478 ubi
1243 2437 1354 2478 hanc
1387 2437 1577 2489 Dictyos

127 2494 375 2537 Historiam
397 2499 409 2518 ‘
429 2497 486 2538 ad
509 2497 756 2540 Cornelium
778 2500 1001 2555 Nepotem
1022 2506 1066 2544 et
1085 2504 1183 2557 ejus
1204 2504 1303 2558 styli
1326 2505 1581 2545 similitudi·

126 2575 227 2603 nem
262 2563 464 2616 proxime
496 2564 736 2606 accedere'
766 2567 844 2617 ait,
865 2573 910 2608 et
942 2570 1149 2610 ‘omnino
1191 2569 1371 2620 Velleii,
1405 2571 1576 2612 Valerii

127 2629 333 2678 Maximi,
354 2632 396 2670 et
416 2628 554 2671 Curtii
574 2635 702 2672 aetate
733 2634 790 2674 ab
812 2634 1028 2687 elegantis
1058 2636 1219 2689 ingenii
1238 2637 1413 2678 homine
1434 2640 1575 2692 scrip-

125 2694 239 2737 tam'
261 2695 499 2737 contendit.
566 2696 753 2740 Videtur
772 2713 873 2753 ergo
895 2705 939 2743 et
957 2702 1031 2743 ille
1052 2703 1348 2753 existimasse,
1369 2717 1454 2745 non
1473 2719 1573 2748 esse

121 2774 300 2803 versam
338 2775 396 2803 ex
430 2762 607 2814 Graece,
633 2767 709 2807 sed
748 2768 906 2810 Latine
941 2770 1144 2823 primitus
1178 2772 1486 2825 compositam,
1528 2774 1572 2815 id
