1915 3231
241 326 326 368 164
710 336 918 366 mc'rvos
951 334 1224 366 (inmensis

244 444 342 473 sum
373 429 615 472 exercitum
647 429 885 470 salubritas
907 428 1117 482 vigorque
1149 427 1308 468 solitus
1342 429 1577 468 renovatus
1610 431 1691 469 ost.

244 499 438 540 Mittitur
456 498 591 538 etiam
624 496 888 537 Philoctetae
924 493 1167 536 Lemnum3
1198 494 1345 547 portio
1376 494 1540 547 praedae
1576 494 1691 548 ejus,

244 578 379 620 quam
405 564 556 606 Graeci
586 577 664 617 per
693 561 880 617 Ajacem
911 567 1043 616 atque
1066 561 1288 603 Achillem
1320 560 1553 602 advectam
1584 561 1694 602 inter

244 646 294 674 se
324 632 486 673 viritim
517 631 842 672 distribuerant.
908 629 1013 681 [34]
1044 629 1246 671 Ceterum
1277 626 1495 677 Achilles,
1532 640 1696 669 memor

244 699 418 753 injuriae
448 697 732 751 supradictae,
767 696 1078 737 abstinendum
1111 695 1295 749 publico
1327 694 1514 736 consilio
1545 694 1695 737 decre-

244 770 406 813 vetata
429 763 532 805 odio
551 764 742 804 maxime
758 763 1118 815 Agamemnonis,
1133 761 1389 816 abolitoque
1403 774 1551 802 amore
1564 774 1695 816 quem

245 833 363 874 circa
384 831 569 873 Graecos
589 831 815 878 habuerat,
833 829 1007 870 scilicet
1027 827 1145 882 quod
1165 840 1316 869 eorum
1333 828 1571 881 patientiaz
1592 835 1698 883 post

245 905 316 941 tot
335 899 549 940 bellorum
568 897 796 946 victoriaS,
828 908 880 936 ac
912 895 1029 936 facta
1064 895 1211 946 sortia,
1245 895 1568 949 Hippodamia,
1590 909 1696 937 con-

247 978 426 1007 cessum
465 977 546 1018 pro
585 963 808 1004 laboribus
848 963 1094 1016 praemium,
1134 975 1212 1015 per
1252 962 1457 1016 injuriam
1497 962 1695 1006 abducta

249 1036 380 1073 esset.
442 1031 558 1073 Dein
579 1030 806 1070 venientes
827 1028 885 1069 ad
907 1041 955 1069 se
976 1028 1111 1068 duces
1132 1029 1258 1069 aditu
1279 1029 1521 1082 prohibere,
1555 1042 1698 1084 neque

248 1099 454 1152 cuiquam
475 1098 712 1139 amicorum
735 1096 977 1148 ignoscere,
997 1095 1074 1148 qui
1094 1108 1144 1136 se
1167 1096 1381 1137 adversus
1403 1094 1700 1149 Agamemno·

247 1164 320 1205 nis
342 1163 645 1212 contumelias,
664 1175 763 1203 cum
785 1161 1017 1202 defendere
1037 1160 1201 1211 liceret,
1223 1161 1537 1204 deseruissent.
1572 1161 1701 1204 Intus

247 1233 382 1286 igitur
400 1244 600 1281 manens,
630 1229 884 1272 Patroclum
905 1233 949 1270 et
969 1228 1245 1279 Phoenicem,
1277 1229 1392 1272 hunc
1419 1243 1588 1271 morum
1608 1243 1701 1271 ma-

250 1300 450 1353 gistrum,
472 1297 657 1340 alterum
687 1295 916 1349 obsequiis
948 1296 1183 1337 amicitiae³
1217 1302 1400 1346 carum,⁹
1429 1302 1471 1340 et
1507 1297 1701 1350 aurigam

251 1378 379 1406 suum
419 1360 823 1412 Automedontem,b
852 1373 1004 1403 secum
1042 1361 1272 1405 retinebat.
1329 1363 1438 1418 [35]
1467 1363 1556 1406 Per
1583 1364 1702 1406 idem

251 1436 423 1485 tempus
443 1431 562 1485 apud
593 1430 772 1484 Trojam
794 1428 1015 1470 exercitus
1038 1430 1271 1481 sociorum,
1299 1431 1462 1484 quique
1495 1431 1701 1473 mercede

254 1499 463 1541 conducti
514 1498 758 1541 auxiliares
802 1495 956 1550 copias
995 1495 1282 1547 adduxerant,
1322 1501 1518 1551 tempore
1564 1497 1704 1540 multo

252 1566 416 1608 frustra
437 1566 557 1615 trito,
577 1563 770 1606 taedione
802 1576 856 1603 an
889 1563 1193 1605 recordatione
1223 1571 1436 1615 suorum,c
1467 1563 1704 1607 domuitio-

254 1645 354 1674 nem
375 1633 688 1687 occipiebant.¹
732 1629 870 1681 Quod
890 1630 967 1671 ubi
988 1630 1297 1672 animadvertit
1317 1627 1502 1684 Hector,
1520 1636 1703 1674 coactus

860 1758 1099 1773 000000000000

258 1854 322 1882 —8
348 1849 470 1890 Delpli.
495 1848 643 1884 Lemnon,
669 1853 705 1879 et
727 1857 804 1879 mox
832 1847 896 1885 ejus
918 1849 1109 1887 pretam—9
1134 1846 1258 1886 Delph.
1281 1846 1473 1878 clarum—l
1500 1845 1541 1877 In
1563 1846 1650 1878 Mss.
1670 1850 1706 1879 et

258 1895 362 1932 vulgo
392 1890 570 1931 edebatur,
601 1894 734 1931 tempore
759 1890 932 1928 frustrato,
968 1889 1130 1927 seditione,
1160 1890 1241 1926 odio,
1277 1899 1317 1919 an
1345 1889 1556 1920 recordatione
1582 1898 1707 1920 suorum

259 1936 372 1967 bellum
386 1944 446 1964 non
460 1932 659 1973 accipiebant.
701 1932 744 1963 In
760 1932 828 1963 Ms.
842 1932 1009 1969 Danielis,
1034 1931 1179 1970 Tempore
1200 1931 1294 1961 multo
1313 1930 1440 1969 frustra
1461 1932 1537 1962 trito
1557 1932 1708 1962 seditione

259 1988 300 2008 an
315 1976 527 2007 recordatione
543 1984 664 2005 suorum
679 1975 761 2006 domi
782 1974 964 2005 seditionem
986 1973 1186 2013 accipiebant.
1232 1973 1274 2004 In
1299 1973 1366 2004 Ms.
1383 1974 1442 2004 alt.
1466 1977 1600 2013 tempore
1615 1973 1708 2012 frus·

260 2020 339 2051 trati
360 2022 423 2049 tota
438 2018 571 2049 editione
589 2026 630 2047 an
652 2027 678 2047 r.
704 2026 729 2047 s.
753 2017 835 2047 domi
850 2016 1031 2048 seditionem
1047 2015 1252 2056 accipiebant.
1297 2015 1420 2056 Delph.
1440 2025 1502 2057 pro
1517 2015 1705 2056 accipiebant

912 2132 945 2164 N
951 2130 1053 2164 OTAE

298 2222 317 2246 '5
342 2218 564 2249 Abstinendum
579 2217 699 2258 publico
713 2218 840 2249 consilio
854 2219 956 2249 decre-

260 2269 364 2308 verat]
399 2267 538 2299 Homer.
574 2268 654 2298 Οὔτε
678 2269 744 2298 ποτ’
775 2267 817 2299 εἷς
842 2268 957 2308 ἀγορὴν

262 2317 445 2349 πωλέσκετο
460 2317 659 2357 κυδιάνειραν,
675 2318 757 2349 Οὔτε
771 2318 841 2348 ποτ’
857 2319 888 2349 ἐς
902 2317 957 2348 πό-

262 2369 358 2407 λεμόν
372 2380 421 2408 γε.
444 2374 452 2387 ‘
468 2370 590 2410 Neque
604 2379 750 2409 unquam
767 2369 808 2400 ad
826 2368 958 2400 concio-

263 2430 341 2451 nem
365 2420 435 2451 ibat
459 2420 651 2459 gloriosam,
674 2419 795 2460 Neque
814 2428 956 2461 unquam

264 2471 297 2501 in
316 2468 467 2501 bellum.'

307 2525 319 2540 2
343 2520 460 2550 Eorum
482 2518 651 2559 patientia]
687 2520 753 2551 Per
770 2529 884 2550 eorum
901 2529 958 2560 pa-

266 2569 430 2600 tientiam.
463 2568 561 2602 Quod
579 2569 667 2609 passi
683 2574 797 2600 essent
814 2578 888 2600 eam
902 2568 958 2599 ab·

266 2619 385 2658 strabi,
402 2617 533 2650 abduci.
576 2619 668 2649 Cave
683 2624 794 2650 tamen
810 2618 872 2650 hoc
887 2618 959 2650 imi·

267 2670 358 2700 teris.

308 2724 321 2739 ²¹
348 2718 490 2748 Alterum
516 2717 666 2757 obsequiis
691 2717 853 2757 amicitioe]
882 2717 961 2748 Non

268 2770 374 2799 solum
392 2774 530 2808 propter
547 2768 709 2808 obsequia
722 2768 890 2802 amicitiae..
902 2765 960 2797 sed

268 2820 369 2849 etiam
383 2819 870 2858 propterconsanguinitatem.
894 2815 961 2848 Sed

271 2869 311 2899 de
327 2878 366 2898 eo
384 2877 494 2907 supra.

1153 2190 1159 2203 ,

1051 2217 1066 2238 b
1091 2217 1359 2258 Automedontem]
1382 2218 1497 2249 Dioris
1511 2217 1629 2250 filium.

1054 2272 1067 2288 c
1093 2267 1236 2297 Taedione
1261 2276 1302 2297 an
1331 2268 1541 2300 recordatione
1565 2269 1706 2310 suorum]

1010 2317 1114 2348 Totus
1131 2317 1184 2348 liic
1199 2317 1293 2347 locus
1309 2318 1431 2349 misere
1448 2317 1604 2350 turbatus
1619 2325 1708 2358 erat,

1012 2367 1129 2398 tamin
1153 2367 1300 2407 vulgatis
1322 2376 1421 2407 quam
1448 2367 1482 2398 in
1507 2369 1645 2409 scriptis
1670 2369 1710 2400 li-

1011 2417 1094 2449 bris.
1143 2416 1183 2448 In
1219 2417 1284 2448 illis
1312 2417 1490 2456 edebatur,
1518 2420 1527 2435 ‘
1553 2423 1708 2458 tempore

1011 2466 1187 2502 frustrato,
1204 2465 1384 2506 seditione,
1399 2466 1477 2497 odio
1492 2476 1534 2498 an
1550 2467 1709 2501 recorda-

1013 2517 1106 2548 tione
1135 2525 1269 2548 suorum
1301 2516 1425 2547 bellum
1461 2526 1528 2548 non
1561 2517 1710 2558 occipie-

1013 2567 1118 2599 bant.'
1162 2567 1202 2598 In
1219 2567 1305 2598 libro
1320 2567 1495 2598 Danielis:
1518 2568 1526 2583 ‘
1542 2567 1709 2609 Tempore

1013 2617 1122 2648 multo
1148 2614 1274 2648 frustra
1298 2617 1380 2648 trito
1404 2616 1570 2648 seditione
1593 2627 1635 2649 an
1659 2627 1710 2649 re·

1013 2666 1210 2698 cordatione
1227 2676 1361 2698 snorum
1388 2665 1479 2697 domi
1506 2666 1709 2699 seditionem

1014 2715 1249 2757 accipiebant!
1307 2716 1334 2747 E
1366 2715 1485 2757 quibus
1509 2717 1710 2749 concinnavi

1015 2766 1194 2797 lectionem
1206 2775 1303 2806 quam
1318 2765 1422 2797 editio
1438 2766 1511 2797 haec
1524 2776 1709 2807 repraesen-

1017 2823 1080 2848 tat.
1108 2817 1364 2857 corrumpendo
1381 2817 1456 2848 loco
1471 2816 1537 2849 duo
1555 2817 1710 2849 suerunt:

1017 2869 1158 2908 primum
1182 2866 1270 2908 qnod
1298 2876 1364 2899 non
1380 2866 1562 2908 capiebant
1578 2868 1708 2908 elegan-
