1915 3231
555 261 617 292 DE
650 260 808 291 nuno
842 259 1070 290 TROJANO
1104 259 1198 291 ms.
1232 260 1264 288 1.
1552 249 1636 290 115

183 355 346 397 tatibus
368 367 469 408 quae
499 355 583 395 sub
604 367 655 395 eo
676 359 813 404 erant,
841 351 1153 403 contraxerat‚⁸
1184 351 1492 407 Agapenorem
1523 366 1635 407 prae-

182 422 300 463 fecit.
361 422 531 463 Nestor
551 421 792 473 nonaginta
811 420 992 461 navium
1013 420 1268 460 instructam
1292 419 1508 460 classem:
1543 419 1634 459 Me-

180 489 337 530 nelaus
371 501 429 529 ex
465 488 585 529 omni
620 487 987 528 Lacedaemonia9
1017 499 1156 527 naves
1191 486 1450 538 sexaginta:
1485 485 1635 526 Mnes-

180 556 305 597 theus
344 569 402 597 ex
436 555 619 596 Athenis
658 553 1003 608 quinquaginta:
1050 549 1325 606 Elephenorf
1362 565 1417 593 ex
1459 551 1633 593 Euboea

179 623 519 676 quadraginta:¹
542 620 668 675 Ajax
688 621 975 662 Telamonius
997 620 1220 662 Salamina
1236 624 1251 641 ²
1274 618 1532 660 duodecim:
1558 618 1638 658 Di-

181 689 358 730 omedes
372 694 389 718 g
418 687 550 742 Argis
564 694 577 718 ³
609 688 833 740 octoginta
852 688 1030 728 navium
1052 688 1265 728 classem:
1288 685 1571 739 Ascalaphus
1592 688 1637 725 et

181 756 422 806 Ialmenus,
456 752 775 803 Orchomenii,h
807 766 945 794 naves
974 754 1174 806 triginta:
1207 753 1366 794 Oileus
1386 751 1506 806 Ajax
1529 765 1638 805 qua-

180 823 409 875 draginta:
430 823 534 863 item
554 834 613 862 ex
635 822 752 862 omni
775 821 958 862 Boeotia
981 820 1255 869 Arcesilaus,
1277 820 1532 868 Protheuor,
1552 819 1636 859 Pe-

179 889 346 939 neleus,
380 889 546 939 Leitus,
577 888 760 929 Clonius
792 901 930 930 naves
962 888 1308 942 quinquaginta:
1341 886 1635 940 quadraginta

179 969 238 997 ex
268 956 466 998 Phocide
498 955 718 997 Schedius
750 961 796 997 et
826 955 1153 1010 Epistrophus:
1206 955 1308 995 dein
1336 953 1556 1007 Thalpius
1587 958 1632 994 et

791 1074 1033 1085 oaenaeeeum

182 1149 192 1162 ‘
208 1145 302 1184 Lege
317 1143 447 1184 aliisque
462 1143 629 1184 sexaginta
641 1166 650 1175 .
663 1166 672 1175 .
687 1164 696 1175 .
711 1144 928 1183 Agapenorem
940 1143 1101 1184 proefecit,·
1125 1143 1210 1174 adeo
1227 1147 1265 1174 ut
1281 1147 1417 1174 centum
1434 1151 1538 1172 naves
1555 1141 1638 1172 dux-

179 1187 246 1218 erit
262 1186 383 1227 Agam.
407 1187 586 1226 sexaginta
603 1185 801 1226 Agapenor,
827 1195 907 1226 quas
925 1191 1040 1217 tamen
1059 1187 1100 1217 ab
1119 1186 1238 1225 Agam.
1254 1189 1457 1224 acceperat3
1481 1185 1538 1215 sed
1564 1184 1637 1224 ipse

182 1238 224 1260 ex
237 1228 383 1260 Arcadia
395 1229 521 1259 milites
539 1233 575 1259 et
592 1229 735 1268 remiges
751 1229 972 1268 imposuerat,
984 1233 1072 1259 teste
1086 1228 1253 1259 Hom-'Du
1265 1228 1310 1263 β.’
1325 1227 1542 1265 Vinding.—8
1558 1232 1566 1244 ‘
1581 1227 1637 1257 Ita

183 1277 278 1303 recte
294 1270 384 1308 libri,
399 1280 463 1301 non
479 1270 722 1302 construxerat.'
737 1271 955 1301 Meroen—9
980 1271 1103 1310 Delph.
1118 1271 1412 1301 Lacedaemona—1
1440 1269 1563 1308 Delph.
1579 1270 1637 1300 tri-

179 1314 284 1354 ginta.
301 1316 310 1330 ‘
324 1313 363 1343 In
380 1313 472 1344 libris
485 1324 492 1344 z
511 1313 694 1344 IlInestheus
706 1322 746 1343 ex
754 1312 885 1343 Athenis
895 1312 993 1342 LXI.
1009 1313 1180 1353 Elephenor
1193 1323 1233 1343 ex
1243 1312 1362 1343 Euboea
1373 1323 1385 1349 ;
1398 1312 1484 1350 Ajax
1499 1312 1638 1342 Telamo-

181 1356 233 1387 nis
247 1355 335 1387 XII.
348 1355 478 1392 Scribe,
493 1355 676 1386 exAthenis
686 1355 763 1386 LX.
775 1355 852 1386 XL.
867 1355 1040 1394 Elephenor
1054 1366 1094 1386 ecc
1108 1356 1223 1386 Euboea
1236 1366 1247 1391 ;
1261 1354 1388 1394 AjaxS.
1400 1354 1487 1384 XII.
1505 1355 1639 1385 Conve-

183 1399 232 1429 nit
255 1408 328 1429 cum
358 1397 533 1428 Homero.'
558 1398 760 1428 Meroen-2
783 1396 911 1436 Delph.
934 1397 1167 1428 Salamine-ss
1192 1398 1317 1428 luserit
1346 1397 1470 1436 Delph.
1491 1407 1531 1427 ea:
1559 1402 1639 1426 ante

184 1441 297 1481 Argis,
323 1445 358 1472 et
386 1450 462 1471 mox
490 1444 569 1471 ante
597 1440 691 1470 Elide
704 1461 712 1469 .
728 1462 736 1470 .
751 1462 758 1471 .
772 1439 882 1470 Rhodo
898 1460 906 1469 .
921 1460 948 1471 ..
964 1440 1114 1470 Methana
1126 1462 1134 1470 .
1149 1462 1156 1471 .
1168 1460 1176 1469 .
1191 1439 1370 1471 Acarnania
1386 1462 1394 1471 .
1409 1460 1416 1469 ·
1435 1462 1443 1471 .
1463 1438 1572 1469 Thebis
1586 1458 1593 1467 ·
1607 1461 1614 1470 .
1629 1461 1638 1470 .

837 1532 980 1564 NOTAE

180 1601 226 1636 ta,
251 1599 304 1638 &a
344 1597 561 1638 Agapenorem
582 1597 737 1637 praefecit.
781 1597 885 1627 Sexa-

181 1648 277 1688 ginta
312 1646 388 1677 illas
419 1656 522 1678 naves
551 1647 707 1678 Arcadiis
739 1646 884 1677 dederat

938 1597 1014 1637 θοοὶ,
1037 1598 1140 1629 ὄπιθεν
1167 1597 1351 1637 κομόωντες,
1366 1599 1429 1629 διο.
1452 1598 1504 1636 Τῷ
1525 1598 1551 1628 δ’
1573 1597 1636 1637 ἅμα

936 1649 1175 1691 τεσσαράκοντα
1182 1650 1323 1689 μέλαιναι
1334 1650 1403 1686 νῆες
1412 1648 1535 1680 ἕποντο.
1546 1650 1554 1665 ‘
1567 1651 1599 1680 H
1603 1660 1636 1680 o-

181 1695 430 1737 Agamemnon,
446 1697 516 1738 qui,
533 1696 621 1738 quod
642 1696 884 1727 mediterranei

180 1751 312 1787 essent,
346 1745 554 1777 fabricandis
584 1746 726 1777 navibus
765 1754 882 1785 parum

179 1797 294 1829 idonei
326 1796 543 1828 videbantur.
590 1796 693 1828 Hom.
723 1797 790 1827 Τῶν
811 1794 883 1836 ἦρχ’

179 1845 336 1885 Ἀγκαίοιο
362 1845 435 1878 πάϊς
460 1846 566 1886 κρείων
588 1846 771 1887 Ἀγαπήνωρ
801 1846 885 1885 Ἐξή-

180 1907 277 1928 κοντοι
306 1897 393 1927 νεῶν·
430 1895 543 1928 πολέες
567 1896 592 1927 δ’
620 1897 653 1928 ἐν
682 1896 735 1934 νηῒ
765 1894 884 1938 ἑκάστῃ

178 1944 324 1986 Ἀρκάδες
348 1945 455 1985 ἄνδρες
473 1944 596 1982 ἔβαινον
614 1945 812 1985 ἐπιστάμενοι
827 1958 882 1977 πο-

180 1996 298 2036 λέμοιο.
311 1995 411 2028 Αὐτὸς
421 1994 483 2037 γάρ
495 2002 571 2036 σφιν
580 1997 676 2027 δῶκεν
687 1995 760 2036 ἅναξ
768 1997 884 2037 ἀνδρῶν

176 2045 381 2086 Ἀγαμέμνων
416 2047 502 2084 Νῆας
534 2045 737 2085 ἐϋσσέλμους,
767 2044 884 2086 περάαν

180 2097 231 2129 ἐπὶ
245 2097 354 2128 οἴνοπα
367 2095 493 2134 πόντον,
513 2095 679 2136 Ἀτρείδης·
696 2095 763 2127 ἐπεὶ
778 2096 815 2126 οὔ
826 2101 883 2136 σφι

180 2146 338 2179 θαλάσσια
353 2146 431 2188 ἔργα
442 2146 584 2186 μεμήλει.
598 2149 607 2163 ‘
619 2147 683 2177 His
696 2147 883 2187 imperabat

181 2197 302 2229 Ancaei
318 2197 406 2228 filius
420 2207 477 2228 rex
490 2196 673 2237 Agapenor
685 2197 770 2228 Cum
783 2204 880 2227 sexa-

180 2248 278 2288 ginta
287 2247 427 2278 navibus
442 2257 451 2278 :
476 2247 573 2277 multi
589 2251 702 2277 autem
719 2247 750 2276 in
768 2246 880 2286 singu-

178 2300 246 2331 lam
262 2308 381 2329 navem
396 2297 547 2329 Arcades
561 2297 624 2328 viri
641 2296 882 2335 ascenderunt,

179 2350 270 2382 bello
294 2348 465 2380 instructi.
512 2346 593 2388 Ipse
617 2346 704 2378 enim
722 2346 770 2377 eis
786 2345 882 2377 dedit

180 2409 244 2432 rex
258 2399 403 2431 virorum
418 2397 651 2439 Agamemnon
666 2397 780 2428 Naves
793 2396 881 2427 bene

179 2455 395 2486 transtratas,
415 2449 457 2481 ad
474 2448 763 2480 transfretandum
787 2456 878 2487 mag-

177 2511 260 2533 num
277 2505 433 2543 pontum,
453 2498 610 2538 Atrides,
636 2498 793 2539 quoniam
811 2507 877 2529 non

179 2551 261 2593 ipsis
276 2550 405 2582 marina
420 2559 525 2590 opera
542 2558 635 2581 curae
648 2547 771 2580 erant.'

224 2599 414 2640 ‘Elephenor
423 2609 463 2630 ex
470 2599 587 2630 Euboea
593 2599 703 2638 quadr.
712 2596 878 2637 [triginta]

181 2649 228 2682 At
238 2650 394 2682 illiHom.
402 2649 626 2690 quadraginta
637 2658 739 2678 naves
750 2647 880 2679 tribuit.

180 2702 272 2733 Τῶνῖ
287 2700 351 2733 αὖθ’
366 2701 525 2741 ἡγεμόνευ’
542 2700 731 2741 Ἐλεφήνωρ,
749 2700 816 2740 ὄζος
825 2701 880 2731 ‘A-

182 2762 265 2791 ρηος,
284 2750 571 2788 Χαλκωδοντιάδης,
586 2751 771 2791 μεγαθύμων
784 2751 881 2792 ἀρχὸς

182 2799 352 2836 Ἀβάντων.
383 2803 435 2842 Τῷ
464 2803 489 2833 δ’
516 2801 567 2841 ἅμ’
589 2802 743 2838 Ἄβαντες
768 2802 880 2834 ἕποντο

937 1709 1009 1730 rum
1021 1706 1132 1731 autem
1145 1701 1290 1731 duxerat
1306 1700 1510 1739 Elephenor,
1526 1709 1637 1731 ramus

936 1750 1072 1791 Martis,
1089 1751 1329 1782 Chalcodontis
1345 1750 1445 1785 tilius,
1465 1751 1638 1790 magnani-

936 1810 1066 1831 morum
1085 1802 1246 1842 princeps
1265 1800 1451 1832 Abantum.
1476 1801 1577 1832 Hunc
1595 1802 1638 1832 si-

936 1851 1006 1881 mul
1023 1850 1178 1882 Abantes
1197 1851 1431 1892 sequebantur
1448 1852 1597 1891 veloces,
1619 1862 1639 1883 a

936 1905 1033 1941 tergo
1049 1902 1188 1941 comati,
1212 1903 1277 1932 διο.
1321 1901 1423 1932 Hunc
1440 1901 1539 1932 simul
1556 1912 1638 1942 qua-

936 1950 1094 1991 draginta
1121 1951 1226 1991 nigrae
1253 1960 1355 1981 naves
1383 1950 1640 1992 sequebantur-²

936 2002 1003 2032 Sed
1032 2002 1087 2033 hic
1115 2007 1232 2033 noster
1266 2001 1441 2042 Hyginum
1469 2007 1635 2043 sequutus

937 2056 1002 2082 est.

978 2107 995 2129 ἔ
1016 2101 1198 2141 Diomedes]
1231 2101 1315 2132 Cum
1339 2101 1501 2133 Sthenelo
1517 2107 1552 2132 et
1568 2102 1636 2132 Eu-

937 2152 1045 2193 ryalo.
1110 2153 1238 2182 Verum
1281 2151 1459 2182 Diomedis
1502 2157 1635 2183 tantum

937 2202 1089 2233 meminit
1118 2202 1256 2241 Dictys,
1285 2203 1362 2240 quia
1393 2200 1582 2238 Συμπάντων
1612 2202 1638 2232 δ’

934 2250 1044 2290 ἡγεῖτο
1067 2251 1147 2288 βοὴν
1161 2250 1275 2289 ἀγαθὸς
1291 2250 1466 2289 Acopa-hans:
1493 2254 1502 2269 ‘
1517 2252 1637 2282 Omni-

936 2302 997 2333 bus
1014 2306 1160 2342 praeerat
1185 2300 1285 2332 fortis
1312 2300 1523 2332 Diomedes-²
1568 2302 1635 2332 Eu-

935 2352 1019 2394 ryali
1044 2362 1107 2383 non
1128 2352 1280 2383 meminit
1308 2352 1436 2392 Hygin.
1465 2352 1521 2392 qni
1549 2353 1635 2383 Dio-

935 2403 1024 2434 medi
1039 2412 1142 2433 naves
1160 2403 1299 2443 triginta
1316 2403 1448 2442 tribuit,
1472 2402 1634 2433 Sthenelo

932 2453 1233 2493 vigintiquinque.

973 2502 989 2523 *¹
1008 2502 1219 2542 Orchomenii]
1237 2502 1289 2532 Ex
1306 2500 1531 2535 Orchomeno,
1548 2501 1632 2532 urbe

931 2554 1091 2592 Boeotiae,
1111 2563 1212 2593 supra
1229 2552 1414 2593 Copaidem
1442 2553 1564 2587 lacum,
1589 2553 1632 2583 ad

934 2604 1131 2644 Cephis-um
1148 2602 1299 2634 fluvium.
1343 2601 1421 2633 Alia
1437 2608 1487 2632 est
1505 2602 1635 2633 Orcho-

934 2663 1052 2684 menus
1069 2653 1101 2683 in
1117 2652 1280 2691 Arcadia,
1305 2653 1394 2683 iutra
1412 2652 1633 2682 Parthenium

936 2708 1082 2734 montem
1094 2708 1127 2732 et
1142 2702 1375 2743 Stymphalum
1387 2700 1535 2732 fluvium.
1561 2702 1635 2732 Hu-

927 2753 985 2794 jus
1004 2751 1147 2792 vestigia
1164 2761 1223 2782 sua
1241 2757 1341 2783 aetate
1359 2752 1412 2782 vix
1435 2752 1632 2792 apparuisse

934 2802 1054 2834 scribit
1070 2802 1204 2833 Strabo.
