1915 3231
291 327 377 370 304
794 336 1006 367 marrus
1040 336 1247 366 PHRYGH

293 433 455 474 milites
493 432 720 484 eligerent:
751 431 805 472 ad
837 431 1086 473 concionem
1138 431 1355 485 populum
1406 431 1554 472 venire
1599 430 1739 485 jubet.

295 499 375 554 [8.]
408 499 758 541 Comnionet'acit
779 499 909 548 filios,
932 504 983 539 ut
1003 499 1191 552 majores
1212 502 1318 540 natu
1339 499 1582 540 minoribus
1602 498 1741 551 impe-

295 571 449 609 rarent.
519 567 813 608 Monstravitn
846 577 958 619 quas
989 564 1169 618 injurias
1199 565 1348 607 Graeci
1377 565 1583 619 Trojanis
1610 564 1745 606 fecis·

296 638 418 676 sent:
450 635 506 675 ob
526 634 611 675 hoc
631 634 901 674 Antenorem
930 633 1124 684 legatum
1151 633 1194 673 in
1220 632 1461 682 Graeciam,
1486 632 1675 681 misisse,
1696 635 1744 672 ut

296 702 382 742 sibi
407 701 649 742 Hesionam
672 713 861 742 sororem
882 699 1126 749 redderent,
1141 705 1184 741 et
1199 700 1508 742 satisfacerent
1524 698 1744 754 Trojanis.

297 768 564 810 Antenorem
585 768 898 809 contumeliose
929 768 983 808 ab
1016 768 1081 807 eis
1113 770 1373 808 tractatum:
1405 780 1485 807 nec
1505 767 1744 820 quicquam

298 837 354 877 ab
375 836 445 876 his
466 836 698 889 impetrare
726 835 939 888 potuisse.
1000 834 1070 875 Ob
1103 834 1187 875 hoc
1219 835 1394 887 placere
1427 835 1526 884 sibi,
1548 833 1745 876 Alexan-

297 903 420 943 drum
438 903 552 943 mitti
572 915 671 943 cum
691 903 838 943 classe
858 903 903 942 in
924 902 1163 951 Graeciam,
1185 902 1263 955 qui
1293 903 1364 942 avi
1399 902 1469 942 sui
1493 906 1680 942 mortem
1700 906 1745 942 et

298 969 587 1023 Trojanorum
619 969 799 1022 injurias
829 969 1130 1010 ulcisceretur.
1189 968 1460 1009 Antenorem
1482 968 1627 1009 dicere
1650 968 1746 1023 jus-

299 1037 372 1085 sit,
393 1035 612 1089 quomodo
633 1036 679 1075 in
700 1035 879 1076 Graecia
899 1038 1116 1076 tractatus
1138 1035 1207 1076 sit.
1247 1034 1439 1075 Antenor
1457 1035 1660 1076 hortatus
1680 1039 1749 1076 est

301 1102 531 1156 Trojanos,
545 1115 595 1142 ne
610 1103 928 1151 horrescerent,
942 1102 999 1143 ad
1016 1102 1290 1143 bellandum⁰
1311 1102 1356 1142 in
1369 1102 1621 1143 Graeciami‘
1643 1115 1748 1142 suos

303 1169 545 1210 alacriores
564 1167 708 1210 secit.*
741 1169 903 1210 Paucis
923 1169 1254 1219 demonstravit,
1271 1182 1371 1222 quae
1388 1170 1432 1210 in
1451 1169 1630 1210 Graecia
1651 1182 1749 1222 ges-

301 1241 430 1276 serat.
489 1237 694 1277 Priamus
717 1236 844 1286 dixit,
866 1237 904 1277 si
931 1238 1001 1278 cui
1032 1237 1288 1289 displiceret
1309 1236 1472 1276 bellum
1495 1236 1600 1289 geri,
1624 1249 1750 1278 suam

305 1303 572 1344 voluntatem
593 1303 796 1345 ediceret.
856 1304 982 1345 Tunc
1004 1304 1202 1345 Panthus
1223 1304 1400 1345 Priamo
1420 1307 1462 1344 et
1491 1303 1751 1357 propinquis

305 1370 458 1423 prodit
479 1383 530 1410 ea
551 1383 651 1424 quae
674 1384 699 1411 a
730 1375 853 1425 patre
882 1371 1148 1424 Euphorboq
1179 1371 1404 1412 audierat:
1436 1371 1476 1411 si
1495 1369 1753 1412 Alexander

303 1449 486 1477 uxorem
509 1437 562 1478 de
576 1437 755 1479 Graecia
776 1438 1056 1487 adduxisset,
1075 1438 1279 1492 Trojanis
1301 1444 1546 1478 extremum
1566 1437 1754 1479 exitium

302 1503 511 1544 futurum.
571 1505 657 1546 Sed
680 1506 906 1559 pulchrius
926 1518 1026 1546 esse
1042 1507 1086 1546 in
1106 1507 1201 1546 otio
1222 1507 1360 1546 vitam
1378 1505 1549 1558 degere,
1561 1517 1694 1558 quam
1707 1505 1752 1546 in

304 1571 493 1611 tumultu
515 1571 767 1614 libertatem
790 1574 1006 1625 amittere,
1037 1577 1081 1614 et
1111 1573 1353 1627 periculum
1375 1573 1493 1613 inire.
1551 1572 1754 1625 Populus

305 1638 615 1679 auctoritatem
627 1639 786 1680 Panthi
801 1641 1057 1682 contemsit:
1078 1653 1221 1692 regem
1240 1640 1382 1681 dicere
1392 1640 1635 1693 jusserunt,
1647 1638 1755 1693 quid

303 1702 399 1744 fieri
439 1705 581 1745 vellet.
644 1706 851 1747 Priamus
883 1707 1000 1747 dixit
1032 1719 1170 1748 naves
1203 1706 1518 1760 praeparandas
1549 1719 1661 1756 esse,
1703 1710 1755 1746 ut

308 1775 434 1812 eatur
466 1772 510 1812 in
551 1771 796 1814 Graeciam:
827 1773 1032 1815 utensilia
1066 1786 1241 1826 quoque
1276 1774 1442 1826 populo
1474 1785 1561 1813 non
1588 1772 1753 1814 deesse.

307 1838 515 1891 Populus
535 1839 833 1881 conclamavit
864 1851 943 1893 per
968 1852 1015 1880 se
1043 1852 1210 1880 moram
1237 1853 1324 1880 non
1355 1852 1470 1889 esse,
1493 1852 1581 1893 quo
1606 1840 1753 1880 minus

307 1906 423 1957 regis
460 1906 696 1959 praeceptis
733 1910 954 1959 pareatur.
1016 1905 1222 1946 Priamus
1254 1906 1342 1946 illis
1375 1919 1558 1959 magnas
1591 1906 1755 1961 gratias

308 1972 409 2024 egit,
430 1973 777 2025 concionemque
799 1972 980 2014 dimisit.
1044 1970 1108 2012 Ac
1130 1985 1236 2013 mox
1256 1972 1299 2012 in
1320 1972 1450 2013 Idam
1471 1972 1644 2026 sylvam
1673 1974 1754 2014 mi-

310 2038 383 2088 sit,
399 2038 475 2092 qui
490 2043 501 2062 ¹
522 2039 772 2079 materiemr
795 2038 1083 2088 succiderent,
1105 2051 1239 2079 naves
1260 2038 1546 2081 aedificarent.
1586 2038 1756 2082 Hecto—

912 2157 1157 2170 OO‘WNO‘OO

353 2211 370 2228 ³·
398 2211 436 2241 In
453 2210 581 2252 Delph.
597 2210 651 2242 hic
668 2211 762 2243 locus
777 2211 824 2243 sic
842 2211 1092 2253 interpuugitnr
1108 2223 1116 2244 ε
1141 2213 1171 2244 Ιι.
1189 2223 1214 2244 ε.
1232 2210 1380 2251 Trojanos
1396 2221 1431 2244 ne
1447 2212 1654 2245 horrescerent
1669 2211 1709 2244 ad
1724 2211 1755 2245 b.

311 2253 345 2283 in
362 2252 530 2294 Graeciam,
543 2263 569 2285 s.
585 2253 715 2292 a.f.—l
740 2254 847 2286 Deest
861 2255 913 2295 qui
928 2255 962 2286 in
977 2255 1105 2296 Delph.

965 2359 1107 2392 NOTAE

354 2428 368 2443 ¹·
393 2423 594 2458 Monstravit,
609 2422 679 2463 ξω]
703 2423 829 2454 Iisdem
846 2423 918 2455 fere
936 2433 1008 2455 ver·
1105 2429 1119 2450 '³
1146 2425 1226 2460 Quae
1251 2435 1269 2455 a
1299 2427 1387 2464 patre
1414 2424 1593 2466 Euphorbo]
1631 2424 1758 2457 Panthi

310 2472 362 2503 bis
378 2472 431 2503 hic
449 2472 577 2513 repetit
597 2473 733 2514 ineptus
754 2473 913 2515 scriptor,
932 2484 1007 2516 quae
1063 2479 1195 2516 patrem
1215 2474 1268 2506 hic
1287 2474 1505 2514 Euphorbum
1526 2474 1611 2506 dicit
1631 2475 1759 2516 Dares,

307 2523 378 2562 jam
395 2523 483 2553 dixit
500 2523 623 2563 pagina
637 2522 816 2564 superiori.
1064 2534 1163 2566 quem
1172 2525 1306 2556 Servius
1317 2523 1760 2565 Othryadem.Virg.‘Pan-

351 2577 366 2592 ⁰
376 2571 393 2589 *
407 2573 458 2603 Ne
472 2573 679 2604 horrescerent
695 2574 735 2604 ad
750 2572 938 2614 bellandum]
954 2573 1009 2605 In·
1063 2575 1139 2606 thus
1157 2574 1367 2615 Othryades,
1383 2574 1471 2605 arcis
1491 2574 1680 2616 Phoebique
1706 2584 1758 2606 sa-

312 2621 383 2652 vita
402 2629 483 2652 sane
500 2622 746 2662 ineptissimum
760 2622 848 2654 hunc
865 2623 1009 2663 scripto·
1062 2624 1204 2656 cerdos!
1248 2623 1374 2656 Panthi
1393 2623 1568 2655 historiam
1587 2623 1758 2665 posuimus

312 2680 383 2702 rem
406 2681 582 2712 percurro,
597 2672 646 2703 ita
667 2672 812 2704 barbare
833 2677 869 2705 et
887 2673 1009 2705 misere
1060 2673 1149 2715 apud
1166 2673 1304 2714 Dictyn.

313 2721 433 2753 scribit
447 2723 591 2754 scilicet.
634 2722 701 2754 Sed
719 2723 883 2755 calcanda
895 2728 1007 2756 tamen
1104 2728 1115 2743 ¹
1136 2723 1320 2764 Materiem]
1352 2723 1361 2741 ‘
1378 2721 1528 2753 Materia
1540 2722 1549 2737 ³
1573 2726 1609 2754 et
1631 2723 1640 2739 ‘
1653 2726 1758 2754 mate-

313 2771 379 2801 via.
1062 2773 1154 2812 ries‚'
1169 2773 1305 2813 proprie
1321 2772 1448 2812 lignum
1463 2782 1469 2802 :
1494 2771 1584 2804 unde
1599 2772 1634 2804 in
1645 2771 1760 2805 Gloss.

357 2826 372 2845 Ρ
398 2822 433 2852 In
453 2823 621 2864 Groeciam]
644 2823 685 2855 Id
698 2828 763 2861 est,
779 2828 898 2857 contra
911 2825 1008 2857 Grae-
1063 2826 1293 2864 exponuntur,
1307 2821 1425 2862 ξύλεια,
1440 2821 1510 2860 ὕλη.

316 2881 412 2903 ciam.
