1915 3231
294 289 322 328 6
839 300 905 330 An
942 299 1221 330 LECTOREM.

296 393 452 447 Dictys
476 406 582 434 vero
600 392 862 434 decennium
882 397 1051 435 tantum
1074 392 1216 446 ponit,
1239 405 1394 445 nempe
1425 404 1579 433 novem
1611 404 1748 445 expe-

295 459 462 510 ditioni,
483 460 699 502 decimum
729 461 858 501 bello.
929 460 1129 513 Tragicis
1148 459 1281 500 etiam
1310 458 1546 512 aliquando
1568 459 1747 508 insistit,

295 540 480 580 quorum
502 528 697 568 omnium
718 528 979 569 illustriores
1000 527 1174 567 fabulas
1197 526 1386 578 attingit,
1403 538 1490 566 ase
1511 525 1750 578 interpola-

295 599 366 635 tas
389 595 645 648 plerumque
668 600 712 635 et
733 595 975 648 expolitas.
1035 593 1208 634 Graves
1238 592 1476 633 conciones
1497 591 1683 641 addidit,
1704 597 1751 633 et

296 662 386 703 alia
420 662 613 703 historiae
645 665 903 702 ornamenta
935 659 1228 701 lucidissima.
1288 659 1397 713 Ejus
1415 659 1611 699 elocutio
1632 658 1751 699 lutu-

294 729 412 769 lenta
446 729 718 781 plerumque,
756 733 805 768 ut
841 727 938 780 ejus
972 726 1127 767 saeculi
1160 738 1249 779 quo
1293 725 1487 778 scripsit,
1522 724 1599 765 sed
1635 724 1750 766 unde

295 800 442 836 tamen
459 794 625 848 aliquid
644 794 791 844 tollas,
812 795 975 848 quippe
999 806 1100 846 quae
1122 792 1463 846 elegantissimis
1484 793 1750 846 optimorum

295 862 560 915 scriptorum
606 861 805 902 flosculis
847 860 1060 901 distincta
1113 860 1183 899 sit.
1262 859 1376 900 Post
1416 858 1751 899 Constantinum

298 929 509 982 Magnum
531 929 768 981 scripsisse
793 931 924 980 putat
943 926 1158 975 Vossius,
1182 930 1230 966 at
1255 925 1284 967 J
1289 938 1355 966 os.
1378 925 1606 966 Mercerus
1637 924 1751 965 veri-

298 997 486 1037 similius
504 997 646 1049 ipsius
662 994 944 1035 Constantini
965 997 1113 1042 aetatc,
1129 1006 1185 1033 ex
1209 992 1414 1046 Epistola
1435 1004 1536 1045 quae
1554 990 1749 1032 Arcadio

297 1063 482 1105 Consuli
503 1062 651 1103 dicata
670 1061 818 1101 libello
833 1060 1131 1113 praeponitur3
1153 1071 1253 1099 eum
1269 1058 1382 1098 enim
1398 1057 1642 1099 Arcadium
1664 1059 1749 1099 sub

297 1132 398 1184 ipso
417 1128 706 1171 Constantini
726 1127 880 1180 Magni
892 1127 1076 1180 imperio
1094 1125 1378 1167 consulatum
1393 1126 1584 1178 gessisse
1598 1129 1750 1166 notum

297 1204 381 1238 est.
443 1197 603 1250 Dictys
628 1196 852 1236 Cretensis
887 1207 1045 1235 nomen
1081 1193 1256 1242 aseivit,
1276 1194 1381 1246 quia
1415 1196 1596 1233 noverat
1616 1192 1751 1233 fuisse

298 1265 404 1305 olim
429 1264 604 1317 Dictym
626 1261 895 1311 Cretensem,
919 1260 1146 1302 Idomenei
1168 1260 1390 1309 comitem,
1408 1272 1591 1313 eumque
1611 1259 1751 1300 literis

297 1331 531 1373 mandasse
553 1343 655 1383 quae
675 1334 719 1369 et
739 1329 837 1382 ipse
856 1329 1045 1379 viderat,
1077 1333 1122 1369 et
1151 1340 1336 1382 quorum
1358 1327 1491 1368 etiam
1526 1339 1630 1381 pars
1656 1325 1751 1367 fue-

296 1402 376 1440 rat.
438 1397 587 1450 Hujus
629 1409 790 1437 nomen
826 1396 1035 1437 mentitus
1065 1400 1131 1437 est
1164 1397 1267 1436 item
1302 1394 1414 1435 alius
1450 1394 1638 1447 scriptor
1673 1393 1751 1446 qui

298 1464 481 1505 eandem
517 1463 748 1504 historiam
783 1462 942 1504 Graece
974 1463 1133 1512 texuit,
1163 1466 1212 1502 ut
1248 1466 1318 1502 est
1341 1461 1461 1514 apud
1493 1460 1679 1501 Suidam
1706 1465 1752 1500 et

297 1531 520 1573 Tzetzem.
579 1531 649 1571 De
686 1542 790 1570 vero
826 1530 962 1582 Dicty
994 1529 1091 1570 vide
1129 1541 1231 1581 quae
1270 1527 1384 1568 infra
1416 1539 1474 1567 ex
1494 1525 1664 1567 Vossio
1695 1525 1750 1567 de

297 1598 524 1639 historicis
549 1596 736 1639 Graecis.
796 1597 865 1637 De
885 1610 983 1637 meo
1021 1600 1164 1637 autem
1199 1596 1337 1636 hocce
1364 1595 1513 1635 labore
1545 1593 1652 1634 nihil
1680 1598 1749 1634 est

299 1666 419 1719 quod
441 1664 559 1719 apud
592 1669 635 1705 te
670 1676 813 1716 agam,
833 1663 1003 1712 Lector,
1026 1676 1124 1703 cum
1154 1662 1208 1702 de
1240 1666 1335 1702 tota
1366 1661 1504 1702 hacce
1526 1673 1749 1702 commen-

298 1733 421 1773 tandi
442 1733 613 1773 ratione
634 1731 731 1784 jam
752 1729 922 1770 abunde
942 1730 1100 1780 egerim
1125 1728 1241 1781 apud
1267 1728 1461 1777 Florum,
1497 1740 1584 1780 quo
1613 1727 1751 1768 liben-

300 1805 368 1840 ter
385 1805 427 1840 te
446 1799 637 1845 remitto,
659 1810 709 1836 ne
725 1797 796 1837 hic
815 1809 866 1836 ea
886 1795 1042 1847 frigide
1064 1795 1213 1835 videar
1235 1801 1444 1848 repetere,
1467 1795 1573 1834 utin
1593 1794 1750 1835 laudes

300 1867 382 1907 viri
411 1863 706 1907 Illustrissimi
728 1868 770 1904 et
806 1863 1136 1915 Sapientissimi
1161 1861 1454 1903 Montauzerii
1480 1861 1641 1910 Ducis,
1665 1861 1750 1901 SE-

303 1944 564 1974 RENissmi
593 1933 848 1972 DELPHINl
885 1929 1196 1977 moderatoris,
1217 1941 1465 1975 excurram,
1487 1927 1564 1980 qui
1586 1928 1751 1969 virtute

302 2014 384 2041 sua
398 2013 535 2053 supra
551 1999 705 2039 laudes
728 2010 878 2038 omnes
895 2001 1074 2037 evectus
1095 2001 1176 2037 est.
1237 1995 1296 2036 Et
1318 2008 1372 2036 ne
1394 1995 1527 2036 etiam
1548 1994 1602 2035 de
1619 1994 1752 2035 Illus-

301 2059 492 2108 trissimo
528 2071 571 2107 et
611 2064 1002 2106 Reverendissimo
1035 2064 1127 2105 viro
1161 2062 1478 2104 Condomiensi
1510 2060 1752 2116 Episcopo,

301 2134 629 2175 SERElesmu
658 2132 911 2172 DELPHINI
938 2130 1233 2183 praeceptore,
1262 2135 1308 2170 et
1328 2129 1431 2170 fidei
1452 2128 1752 2170 Romanaein-

302 2200 609 2253 geniosissimo
641 2199 827 2246 vindice,
859 2198 930 2238 hic
960 2198 1126 2250 aliquid
1157 2198 1327 2250 loquar,
1347 2196 1490 2250 deque
1513 2196 1753 2249 perillustri

304 2274 347 2308 et
371 2267 605 2308 admodum
639 2265 695 2306 R.
720 2266 775 2305 D.
799 2264 969 2304 Huetio
992 2263 1168 2304 Abbate
1190 2263 1432 2311 Alnetensi,
1452 2263 1493 2302 in
1515 2262 1750 2304 earundem

303 2347 500 2375 curarum
525 2338 692 2387 partem
725 2332 884 2380 accim,
917 2337 963 2371 et
992 2331 1213 2383 religionis
1236 2329 1500 2371 Christianae
1532 2333 1753 2370 assertore

305 2401 533 2449 acerrimo,
555 2412 667 2453 quos
693 2411 845 2439 omnes
865 2397 1076 2438 divinitus
1099 2410 1181 2438 sua
1194 2400 1343 2437 manet
1362 2395 1476 2435 laus.
1535 2394 1622 2435 Sed
1641 2395 1752 2436 illud

304 2471 473 2508 tantum
500 2470 542 2506 te
562 2466 685 2514 volo,
709 2465 881 2513 Lector,
903 2469 951 2505 ut
979 2477 1080 2517 quae
1102 2465 1142 2504 in
1179 2461 1443 2515 perlegendo
1474 2473 1609 2514 opere
1635 2473 1662 2501 a
1680 2474 1751 2502 me

304 2539 494 2587 peccata
532 2532 845 2586 deprehendes,
872 2544 926 2572 ea
961 2531 1180 2584 ignoscas,
1212 2541 1354 2582 eoque
1386 2527 1608 2568 lubentius
1631 2528 1753 2580 quod

304 2614 435 2641 nemo
456 2600 527 2640 hic
551 2600 652 2641 mihi
679 2600 823 2640 facem
846 2598 1023 2647 alluxit,
1045 2611 1145 2652 quae
1165 2597 1306 2650 prima
1325 2595 1587 2635 historicum
1617 2594 1752 2636 istum

307 2667 631 2708 commentariis
652 2667 869 2708 illustrare
892 2679 1097 2719 aggressa
1121 2677 1232 2705 sum.
1283 2661 1409 2703 Vale,
