1915 3231
303 367 387 408 348
880 382 1155 412 APPEanx.

570 719 858 780 OLAUS
927 717 1486 781 BORRICHIUS

1001 884 1055 908 DE

457 1005 760 1055 VARIIS
829 1007 1183 1058 LATINAE
1251 1010 1606 1061 LINGUAE

709 1178 1074 1231 ‚AETATIBUQ
1112 1181 1231 1224 PAG.
1266 1183 1330 1224 12.

309 1535 366 1576 IN
400 1534 622 1589 Argentea
652 1534 858 1588 Scioppii
880 1538 1010 1576 aetate
1042 1535 1254 1576 nonnulla
1283 1535 1415 1576 etiam
1440 1534 1754 1576 desiderabunt

308 1602 458 1643 forsan
478 1602 554 1655 qui
574 1615 662 1642 rem
683 1602 895 1643 attentius
915 1601 1213 1654 expenderint.
1246 1601 1408 1654 Dictys
1425 1600 1650 1642 Cretensis
1666 1612 1756 1640 non

308 1672 597 1720 repraesentat
624 1668 795 1720 genium
819 1668 940 1708 illius
973 1668 1142 1709 saeculi.
1201 1667 1375 1720 Pugnat
1395 1667 1571 1721 quidem
1599 1679 1680 1720 pro
1699 1679 1754 1707 eo

308 1733 586 1775 vehementer
612 1734 869 1788 Scioppius,
889 1737 932 1775 et
952 1735 1129 1776 omnino
1150 1734 1331 1784 Velleii,
1351 1734 1523 1776 Valerii
1550 1734 1758 1784 Maximi,

309 1803 384 1840 aut
404 1799 546 1840 Curtii
563 1804 695 1841 aetate
712 1801 768 1841 ab
788 1801 939 1853 aliquo
955 1800 1168 1853 elegantis
1181 1801 1342 1853 ingenii
1359 1806 1401 1842 et
1410 1801 1568 1855 judicii
1581 1801 1754 1841 homine

310 1866 525 1918 scriptum
561 1865 812 1916 arbitratur,
844 1867 974 1919 inque
1012 1866 1042 1907 J
1045 1867 1183 1907 osiam
1223 1867 1482 1917 Mercerum,
1516 1871 1756 1920 negantem,

310 1932 483 1981 acerbe,
505 1944 625 1972 more
647 1945 743 1981 suo,
764 1931 988 1973 invehitur.
1019 1932 1108 1973 Sed
1129 1932 1322 1974 Vossius
1341 1933 1566 1974 maturiori
1581 1932 1754 1986 judicio

309 1998 515 2039 transfert
548 1999 801 2051 scriptorem
837 1998 967 2048 hunc,
991 2000 1090 2041 Lib.
1126 1999 1182 2040 de
1215 2000 1338 2041 Hist.
1370 2000 1516 2042 Latin.
1536 2000 1581 2041 in
1610 2012 1754 2041 aevum

308 2062 588 2105 Constantini
610 2064 777 2117 Magni,
799 2069 890 2114 aut,
913 2065 1035 2117 quod
1066 2065 1209 2106 adhuc
1231 2066 1512 2106 verisimilius
1541 2069 1688 2119 putat,
1708 2066 1756 2105 in

308 2130 478 2182 aliquot
496 2135 599 2184 post
618 2130 954 2172 Constantinum
977 2131 1185 2184 Magnum
1207 2136 1378 2173 aetates.
1412 2131 1532 2181 Quin
1552 2136 1598 2172 et
1617 2131 1753 2173 dictio

308 2197 409 2248 ipsa
428 2196 561 2249 hujus
585 2195 643 2246 Q.
665 2197 870 2250 Septimii
893 2197 1102 2247 Romani,
1125 2197 1224 2252 (qui
1246 2198 1413 2252 Dictyn
1435 2198 1643 2240 Graecum
1659 2210 1755 2239 ver-

307 2263 416 2303 tisse
438 2260 667 2317 creditur,)
682 2268 920 2317 utcumque
942 2277 1028 2305 non
1048 2264 1293 2317 inelegans,
1314 2265 1446 2306 refert
1462 2269 1608 2306 tamen
1628 2277 1754 2318 saepe

308 2329 461 2369 nescio
482 2329 589 2382 quid
610 2342 847 2383 creperum,
864 2334 908 2371 et
927 2331 1021 2372 auri
1042 2332 1170 2372 tereti
1187 2332 1462 2373 inusitatum.
1508 2330 1625 2382 Quis
1641 2332 1756 2372 enim

309 2398 529 2447 argenteae
547 2397 692 2438 aetatis
706 2397 928 2451 judicabit
948 2398 1035 2439 ista
1049 2399 1068 2438 ‘l
1104 2410 1137 2438 1.
1158 2398 1211 2439 de
1232 2399 1364 2439 Bello
1384 2398 1563 2452 Trojan.
1593 2401 1607 2419 ‘
1621 2396 1756 2447 Inde,'

308 2461 462 2514 inquit,
493 2462 638 2515 ‘quod
661 2463 756 2516 jam
785 2461 1038 2505 Alexander
1070 2464 1280 2517 abreptis,
1311 2476 1411 2517 quae
1442 2464 1655 2517 cupierat,
1677 2463 1755 2503 ab-

308 2529 577 2568 scessionem
607 2531 892 2582 properabat,
914 2536 1081 2584 parvoa
1111 2535 1309 2584 tempore
1340 2530 1497 2571 armati
1526 2529 1584 2571 ad
1614 2542 1753 2569 naves

308 2593 513 2635 veniunt.'
571 2595 717 2636 Paulo
738 2600 870 2649 post:
901 2596 1077 2650 ‘Atque
1106 2597 1169 2638 ita
1198 2595 1454 2649 sagittatisb
1481 2595 1577 2649 jam
1597 2595 1752 2648 praelio

308 2660 508 2701 hostibus
522 2661 739 2703 evadunt!
769 2662 923 2714 Dices,
937 2664 1143 2716 sagittare
1157 2664 1342 2715 probum
1354 2665 1429 2703 est.
1461 2661 1564 2702 Non
1576 2661 1754 2710 damno,

310 2726 389 2766 scd
420 2731 639 2778 argenteae
671 2728 815 2768 aetatis
849 2741 947 2769 esse
978 2729 1092 2770 unde
1122 2728 1523 2769 demonstrabitur?
1582 2727 1752 2769 Justini

310 2791 489 2846 quidem
511 2798 581 2833 cst
606 2804 686 2834 XL.
711 2793 851 2835 Solini
872 2795 943 2836 22.
963 2794 1122 2848 Veget.
1143 2794 1197 2834 de
1225 2807 1272 2834 ro
1297 2793 1432 2835 Milit.
1461 2803 1534 2834 ιιι.
1555 2795 1596 2834 9.
1618 2796 1661 2834 et
1682 2793 1750 2836 15.

743 2918 756 2933 ³
781 2915 816 2945 L.
835 2925 906 2955 pro.
1079 2916 1092 2936 b
1116 2916 1156 2949 L.
1171 2915 1333 2958 fatigatis.
