1915 3231
583 339 644 369 DE
678 337 835 367 nunno
867 335 1094 366 TROJANO
1131 335 1222 365 mn.
1255 335 1308 365 11.
1581 324 1665 365 155

223 432 339 483 Quae
359 432 396 473 si
419 444 584 481 omnes,
606 434 667 473 ita
687 436 738 472 ut
757 444 826 472 res
847 434 930 479 est,
953 429 1099 470 animo
1120 432 1388 482 reputarent,
1411 430 1471 468 2et
1487 426 1664 468 Helena

221 511 319 539 cum
342 498 481 551 gratia
500 498 697 546 remissa,
717 496 861 550 majus
889 500 1024 548 atque
1058 494 1223 536 arctius
1259 493 1470 533 amicitiae
1504 493 1663 545 pignus

219 564 332 606 inter
364 564 455 604 duo
485 577 618 615 regna
651 563 952 603 coalesceret.⁰
1012 560 1128 611 Quae
1168 559 1247 600 ubi
1281 559 1454 612 accepit
1482 558 1664 607 Hector,

219 630 527 671 recordatione
547 631 725 671 fraterni
745 629 952 670 facinoris
974 629 1135 670 tristior
1156 627 1447 680 aliquantum,
1465 624 1665 665 suffusis-

219 709 306 750 que
337 710 439 738 cum
466 709 650 737 moerore
682 696 908 749 lacrymis,
941 695 1161 735 Helenam
1190 698 1333 733 tamen
1366 691 1665 745 prodendamp

218 764 394 805 minime
416 765 607 813 rebatur,
629 763 792 817 quippe
811 762 1057 816 supplicem
1078 761 1250 809 domus,
1281 764 1324 800 et
1342 759 1400 799 ob
1420 758 1463 798 id
1495 758 1580 798 fide
1601 759 1666 798 in-

216 832 428 884 terposita
447 830 649 871 tuendam
669 843 679 870 :
712 830 751 870 si
771 842 860 883 qua
881 834 1027 870 autem
1050 841 1147 869 cum
1170 840 1222 867 ea
1240 830 1418 879 erepta³
1453 824 1665 866 doceren-

219 900 304 947 tur,
326 902 486 938 cuncta
505 896 788 937 restituenda.
827 895 1033 948 Namque
1054 906 1134 947 pro
1158 892 1337 934 Helena
1358 891 1665 942 Cassandram,

220 963 314 1004 sive
329 963 623 1017 Polyxenam,
638 975 769 1016 quarn
788 961 945 1013 legatis
962 960 1214 1009 videretur,q
1235 963 1419 1012 nuptum
1436 971 1535 998 cum
1552 971 1666 1011 prae-

220 1030 352 1071 claris
373 1030 496 1071 donis
530 1029 735 1069 Menelao
771 1026 1040 1069 tradendam.
1101 1026 1205 1075 [26]
1236 1024 1309 1066 Ad
1343 1038 1396 1065 ea
1431 1024 1664 1066 Menelaus

219 1097 427 1138 iracunde
445 1102 570 1137 atrox
587 1109 596 1137 ;
618 1098 630 1117 ‘
650 1095 830 1147 Egregie
852 1093 1026 1134 hercule
1049 1097 1198 1133 actum
1219 1091 1350 1132 nobis
1370 1094 1472 1137 est,4
1485 1096 1498 1112 Γ
1519 1091 1558 1132 si
1572 1092 1667 1144 qui-

221 1163 315 1204 dem
339 1163 518 1216 proprio
538 1161 776 1215 spoliatus,
810 1163 1079 1200 commutare
1098 1158 1418 1199 matrimonium
1442 1170 1522 1210 pro
1552 1158 1667 1198 arbi·

223 1229 310 1270 trio
330 1229 522 1269 hostium
544 1240 740 1267 meorum
758 1231 772 1256 ⁵
804 1225 966 1279 cogor?
1025 1224 1269 1266 Adversum
1297 1236 1426 1277 quem
1448 1224 1609 1265 AEneas
1627 1238 1636 1265 :
1654 1229 1667 1246 ³

223 1299 235 1316 ‘
252 1294 321 1336 Ac
342 1308 395 1335 ne
414 1295 484 1335 hae
507 1293 713 1348 quidem,'
744 1292 841 1342 ait,⁶
877 1295 890 1314 ‘
907 1291 1219 1340 concedentur,
1253 1290 1580 1331 contradicente
1611 1303 1664 1332 ac

225 1362 461 1403 resistente
481 1374 566 1410 me,
582 1361 849 1414 reliquisque
867 1360 941 1414 qui
964 1358 1116 1399 affines
1131 1358 1143 1379 ²
1173 1357 1391 1411 amicique
1417 1356 1666 1398 Alexandro

826 1466 1064 1479 eeeeeeeeeeee

220 1543 372 1582 ploratum
390 1552 483 1582 neque
497 1543 600 1583 fidum
615 1552 677 1573 esse
692 1545 799 1573 contra
814 1542 835 1573 i.
851 1553 879 1573 c.
925 1542 1009 1573 Duae
1034 1541 1150 1580 primae
1166 1549 1265 1571 voces
1280 1539 1360 1570 nihil
1375 1539 1568 1578 exploratum
1590 1537 1667 1568 abe-

224 1590 299 1614 rant
318 1587 358 1614 ab
376 1594 517 1625 utroque
535 1585 601 1615 Ms.
619 1588 650 1615 in
669 1586 789 1622 altero,
805 1584 1012 1625 ‘nequefidum
1026 1594 1054 1614 c.
1070 1584 1092 1614 z'.
1104 1594 1133 1614 c.
1179 1583 1226 1613 At
1252 1582 1284 1612 in
1309 1582 1509 1618 Petaviauo,
1538 1590 1667 1620 namque

214 1626 298 1667 fidei
312 1627 368 1664 jus
389 1637 414 1657 e.
430 1628 453 1657 ἰ.
470 1637 497 1657 c.
544 1627 690 1657 Omnino
717 1627 947 1663 scribendum,
970 1636 1065 1665 neque
1081 1625 1210 1666 fidelius
1233 1627 1340 1654 contra
1362 1625 1385 1654 i.
1409 1623 1449 1654 c.'
1474 1624 1668 1653 Mercen-

222 1672 242 1699 2
266 1669 348 1699 Post
365 1672 543 1708 reputarent
560 1669 679 1699 inserit
705 1669 829 1708 Delpli.
845 1678 956 1705 voceS‚
979 1677 1074 1707 neque
1089 1667 1219 1698 ulterius
1232 1666 1422 1705 differendos
1443 1666 1560 1703 legatos
1582 1667 1669 1704 pate-

220 1714 405 1742 rentur.—3
432 1712 555 1750 Delph.
578 1712 717 1750 abrepta,
734 1717 769 1741 et
784 1720 874 1749 mox,
887 1711 1080 1740 restituenda
1095 1712 1282 1739 cunctae—4
1306 1708 1431 1746 Delph.
1447 1707 1534 1738 nobis
1556 1710 1669 1737 actum.

220 1757 282 1783 —5
307 1753 432 1794 Dclpli.
451 1763 585 1784 meormn
599 1754 805 1784 hostiurm—6
830 1753 1012 1784 Omittitur
1028 1752 1075 1783 ait
1098 1752 1132 1782 in
1157 1750 1348 1792 Delph.—-7
1375 1751 1481 1781 Deest
1497 1749 1617 1790 quidem
1634 1749 1668 1779 in

873 1861 1014 1893 NOTAE

221 1930 339 1958 contra
352 1924 512 1956 insidiosa
526 1930 647 1957 cuncta
660 1931 759 1967 atque
774 1926 918 1957 adversa
971 1924 1177 1965 gerebantur
1192 1924 1348 1956 edoctam
1367 1921 1471 1952 fuisse
1489 1920 1670 1951 verisimile

220 1977 254 2007 in
271 1975 445 2006 obsidione
463 1974 562 2006 fore!
608 1977 755 2008 Mercer.
773 1982 781 1994 ¹
794 1977 918 2017 Neque
971 1985 1038 2006 non
1056 1980 1119 2006 est.

219 2023 393 2063 fidelius;'
431 2025 463 2055 id
495 2030 559 2065 est,
594 2026 604 2043 ‘
623 2035 731 2066 neque
761 2025 895 2056 fidelius
910 2024 919 2038 '
1014 2030 1029 2052 ‘l
1054 2026 1157 2060 Quam
1171 2024 1283 2064 legatis
1300 2019 1472 2059 videretur]
1505 2018 1671 2050 Subaudi-

221 2074 416 2115 quidquam,
430 2080 549 2104 contra
563 2076 675 2106 omnia
691 2075 795 2106 infida
810 2081 843 2106 et
861 2073 918 2106 ad·
968 2080 1036 2114 tur,
1052 2076 1191 2115 eligere.
1235 2073 1292 2104 Sic
1310 2073 1438 2103 locutus
1456 2075 1508 2101 est
1524 2069 1543 2100 l.
1559 2077 1583 2100 1.

221 2133 318 2155 versa
331 2123 444 2154 futura
460 2123 492 2154 in
509 2123 693 2155 obsidione.
1015 2131 1026 2147 ¹·
1053 2126 1188 2165 Egregie
1217 2123 1339 2154 hercule
1360 2125 1463 2151 actum
1493 2119 1578 2150 nobis
1607 2118 1669 2158 est]

264 2179 279 2194 ⁰
304 2173 509 2213 Coalesceret]
538 2173 578 2205 Id
604 2179 669 2209 est,
693 2174 886 2206 Cresceret.
972 2175 1101 2208 Nescio
1117 2184 1158 2206 an
1174 2179 1269 2205 recte
1285 2172 1352 2203 dici
1370 2171 1488 2212 possit,
1509 2174 1517 2187 ‘
1531 2167 1669 2208 egregie

265 2229 281 2250 t>
305 2224 456 2255 Helenam
479 2228 581 2254 tamen
606 2224 809 2264 prodendam]
833 2224 920 2255 Con-

221 2279 286 2312 tra,
298 2273 504 2304 reddendam
515 2282 650 2313 semper
663 2274 808 2304 censuit.
832 2273 918 2305 Inde

223 2324 355 2355 OEnone
381 2323 510 2362 Paridi,
536 2323 625 2363 apud
651 2323 753 2354 Ovid.
776 2323 918 2355 Heroid.

220 2382 256 2404 v.
279 2373 288 2391 ‘
302 2373 387 2405 Quae
414 2373 439 2403 si
460 2373 505 2403 sit
522 2373 650 2404 Danais
666 2372 849 2410 reddenda,
867 2374 919 2403 vel

222 2423 378 2455 Hectora
393 2422 547 2461 fratrem,
569 2423 633 2453 Vel
649 2432 723 2453 cum
741 2423 920 2463 Deiphobo

222 2473 473 2513 Polydamanta
491 2482 584 2512 roga.
615 2472 706 2504 Quid
725 2473 835 2512 gravis
853 2472 922 2502 An-

222 2527 333 2561 tenor,
364 2522 518 2553 Priamus
548 2521 630 2562 quid
662 2522 805 2553 suadeat
836 2522 922 2561 ipse,

223 2572 385 2611 Consule,
407 2571 481 2612 quis
512 2577 596 2602 oetas
628 2571 728 2612 longa
757 2571 922 2612 magistra

220 2620 310 2653 fuit!
355 2622 429 2653 Etsi
455 2621 498 2653 de
526 2621 708 2662 Deiphobo
725 2620 853 2652 frustra
870 2627 922 2652 est

224 2670 381 2709 OEnone3
402 2671 430 2701 is
446 2671 534 2701 enim
553 2670 685 2701 Paridis
703 2675 817 2710 partes
836 2676 921 2702 tuta-

224 2719 337 2756 batur.
354 2727 390 2752 ut
405 2731 506 2761 supra
524 2721 685 2759 vidimus3
703 2720 762 2751 sed
780 2721 827 2751 ita
841 2721 920 2751 Ovi-

225 2771 315 2801 dium
332 2776 496 2802 excusant
511 2771 576 2801 viri
593 2771 698 2811 docti,
714 2771 807 2812 quasi
827 2771 860 2801 id
878 2771 921 2802 de

225 2821 389 2851 industria
412 2821 555 2859 feceri13
579 2821 707 2862 quippe
731 2822 788 2862 qui
805 2822 921 2852 mulie-

227 2879 296 2901 rem
324 2870 475 2911 inducat,
507 2881 606 2912 quam
634 2876 757 2903 exacte
784 2881 824 2902 ea
848 2881 922 2914 quae

972 2230 1084 2256 actum
1101 2223 1180 2255 mihi
1197 2222 1274 2254 est.'
1306 2221 1450 2259 Dubito,
1465 2225 1501 2251 et
1521 2219 1671 2250 libenter

973 2276 1135 2314 legerem,
1160 2277 1168 2290 ¹
1183 2271 1357 2303 nobiscum
1382 2269 1459 2300 est.’

1015 2330 1026 2344 Β
1042 2324 1218 2355 Adversum
1230 2331 1318 2362 quem
1327 2318 1459 2359 AEneas]
1475 2318 1602 2349 Verum
1617 2316 1672 2347 ΙΕ-

974 2385 1072 2406 neam
1110 2373 1293 2405 reddendae
1333 2371 1476 2402 Helenae
1514 2368 1671 2408 Trojanis

972 2435 1106 2465 semper
1123 2428 1296 2455 auctorem
1312 2420 1429 2460 fuisse,
1456 2424 1571 2450 narrat
1598 2417 1671 2449 Liv.

975 2486 1001 2507 1.
1020 2481 1029 2494 ⁴
1042 2476 1120 2508 Jam
1136 2474 1281 2514 primum
1297 2471 1456 2504 omnium,
1478 2468 1598 2509 inquit,
1619 2476 1672 2497 sa-

973 2525 1017 2556 tis
1040 2527 1187 2563 constat,
1209 2522 1317 2561 Troja
1338 2524 1450 2560 capta,
1476 2519 1510 2549 in
1537 2521 1671 2548 ceteros

973 2574 1128 2605 saevitum
1146 2581 1217 2604 esse
1229 2570 1410 2610 Trojanos,
1424 2567 1553 2597 duobus
1568 2567 1674 2597 AEnea

974 2624 1232 2663 Antenoreque‚
1245 2625 1279 2651 et
1293 2619 1506 2658 vetustijure
1522 2615 1674 2656 hospitii,

975 2679 1010 2704 et
1037 2673 1116 2713 quia
1141 2671 1233 2712 pacis
1258 2669 1509 2708 reddendaeque
1529 2666 1673 2697 Helenae

975 2731 1108 2762 semper
1136 2726 1291 2752 auctores
1321 2718 1471 2755 fuerant,
1497 2725 1595 2748 omne
1613 2716 1672 2757 jus

976 2773 1057 2804 belli
1074 2772 1221 2803 Achivos
1236 2767 1461 2801 abstinuisse.'

1017 2823 1027 2841 ῑ
1042 2820 1175 2862 Affines]
1190 2820 1312 2851 AEneas
1325 2817 1415 2848 enim
1429 2820 1465 2847 et
1479 2814 1577 2846 Paris
1594 2823 1674 2845 con-

977 2871 1124 2911 sobrini3
1139 2869 1304 2912 siquidem
1320 2878 1363 2900 ex
1374 2865 1460 2898 Troe
1477 2866 1547 2898 Ilus
1562 2870 1597 2896 et
1612 2863 1673 2895 As-
