1915 3231
269 266 329 306 40
623 276 725 308 JAc.
760 277 1012 309 Psnizonu
1049 277 1378 310 nrssnnmrio

1054 348 1066 362 .

275 383 324 411 se
347 369 577 427 tradat,et
598 374 745 414 tamen
765 374 972 416 nonnulla
1004 375 1136 416 etiam
1168 374 1422 416 accuratius
1444 378 1489 414 et
1516 373 1722 415 disertius

272 437 556 490 expresserit,
580 451 709 492 quam
731 444 879 481 noster
899 441 1161 495 Septimius,
1183 442 1258 494 qui
1277 441 1517 493 aliquando
1538 441 1723 481 circum-

273 504 381 544 cisis
416 506 678 547 necessariis
710 507 767 547 ad
802 508 862 547 rei
895 509 1223 560 intelligentiam
1266 507 1608 548 circumstantiis
1646 507 1724 547 ob-

273 584 403 612 scure
429 572 631 625 quaedam
655 578 698 614 et
728 573 935 626 ambigue
955 578 1115 615 narrat.
1176 573 1329 615 Veluti
1345 573 1467 627 quod
1487 573 1542 613 de
1563 572 1724 613 AEthra

273 643 318 679 et
339 638 714 693 Clymena'supra
747 641 1101 681 memoravimus.
1164 639 1247 681 Cui
1279 639 1395 680 adde
1426 639 1572 680 locum
1595 650 1660 679 1v.
1680 640 1724 681 3.

273 708 285 727 ‘
307 705 478 757 Fugam
528 710 788 760 capessunt,
840 707 1099 760 clausisque
1137 706 1334 748 civitatis
1377 706 1535 760 portis,
1585 707 1725 747 nostri

272 773 477 826 reliquos,
514 787 625 827 quos
658 773 764 826 fuga
793 774 909 815 bello
951 778 1191 824 exemerat,
1227 774 1507 822 obtruncant,
1530 772 1723 814 foeminis

273 843 443 881 tantum
466 842 739 882 abstinentes
759 855 934 892 manuS,
964 846 1280 896 parcentesque
1308 840 1467 881 sexui!
1527 841 1722 881 Dubium

273 907 389 947 enim
410 906 481 948 hic
504 908 776 961 relinquitur,
800 913 946 949 utrum
967 908 1049 957 illi,
1071 908 1148 961 qui
1170 909 1251 949 sub
1268 909 1545 949 Penthesilea
1564 907 1724 948 milita-

271 975 391 1023 bant,
430 978 472 1016 et
505 974 702 1027 fugerant
725 976 795 1015 'ex
829 976 926 1016 acie
959 976 1015 1016 ad
1047 976 1214 1025 urbem,
1237 975 1472 1016 clauserint
1503 976 1591 1029 ipsi
1622 975 1723 1015 dein

271 1046 443 1095 portas,
475 1054 530 1081 an
569 1054 672 1082 vero
706 1042 900 1095 Trojani,
934 1042 1012 1095 qui
1047 1042 1090 1082 in
1122 1043 1232 1083 urbe
1264 1047 1531 1084 manserant.
1593 1042 1724 1082 Prius

272 1107 469 1147 crederet
490 1107 605 1160 quis,
626 1108 702 1160 qui
739 1108 1000 1161 Septimium
1035 1111 1201 1149 tantum
1223 1109 1340 1162 legit,
1363 1113 1411 1149 at
1442 1121 1561 1159 vero,
1583 1110 1657 1163 qui
1678 1114 1724 1149 et

273 1174 503 1223 Malelam,
549 1174 844 1228 deprehendet
893 1175 1118 1225 continuo,
1158 1188 1311 1216 verum
1355 1188 1455 1216 esse
1490 1176 1723 1229 posterius.

272 1240 392 1281 Nam
412 1240 631 1295 Trojanos
653 1242 761 1283 dicit
780 1242 853 1283 ille
885 1245 898 1263 ‘
914 1242 1132 1283 clausisse
1160 1241 1345 1296 portas,'
1376 1243 1435 1282 διαὶ
1455 1242 1539 1290 τοὺς
1568 1241 1725 1297 φεύγον-

269 1323 352 1356 τας,
370 1310 575 1362 ‘propter
605 1308 706 1349 illos
736 1307 975 1361 fugientes,'
1007 1312 1054 1350 ut
1083 1322 1322 1362 repugnare
1359 1310 1530 1351 scilicet
1551 1309 1724 1351 Graecis

271 1378 539 1427 cogerentur,
561 1376 639 1416 sed
671 1378 716 1416 et
746 1375 800 1416 de
837 1376 1085 1418 ‘Foeminis
1104 1375 1114 1392 '
1141 1376 1231 1417 illis
1262 1376 1400 1428 addit,
1426 1376 1564 1418 fuisse
1591 1376 1724 1418 Ama-

270 1454 420 1491 zonas,
441 1455 551 1495 quas
568 1441 718 1484 Graeci
741 1446 900 1496 captas
921 1443 1034 1483 inter
1054 1455 1102 1483 se
1125 1442 1369 1485 diviserint.

329 1519 443 1550 XXI.
477 1510 681 1564 Denique
703 1523 772 1550 res
788 1510 1023 1551 manifesta
1043 1511 1112 1551 vel
1132 1509 1326 1551 maxime
1350 1522 1406 1551 ex
1429 1510 1564 1551 Libro
1584 1509 1723 1552 Sexto

270 1577 409 1617 nostri
429 1577 693 1631 interpretis,
713 1578 758 1618 in
788 1590 918 1630 quem
956 1590 1083 1618 unum
1113 1577 1337 1629 redegisse
1368 1590 1416 1618 se
1440 1579 1500 1618 ait
1529 1583 1723 1631 quatuor

270 1643 341 1683 vel
364 1643 559 1697 quinque
590 1644 817 1685 volumina
837 1643 989 1685 Graeci
1020 1644 1227 1698 Dictyos,
1258 1649 1375 1685 certe
1408 1644 1556 1685 retulit
1585 1648 1721 1685 totam

270 1710 493 1751 historiam
515 1710 568 1751 de
604 1711 745 1752 reditu
777 1710 1052 1752 Graecorum.
1111 1710 1303 1752 Malelas
1338 1715 1481 1752 autem
1522 1712 1722 1753 similiter

273 1776 452 1830 quidem
474 1777 704 1818 defunctus
725 1782 790 1820 est
809 1779 968 1832 paucis
990 1779 1034 1819 in
1061 1791 1115 1818 ea
1144 1778 1342 1829 historia,
1362 1778 1438 1818 sed
1466 1779 1527 1819 ita
1557 1782 1720 1828 tamen,

271 1848 426 1885 utnon
447 1849 651 1898 sequatur
682 1845 963 1899 Septimium,
993 1858 1144 1886 verum
1169 1845 1351 1898 reliquis
1382 1857 1438 1885 ex
1461 1843 1720 1886 Graecorum

270 1911 414 1952 reditu
446 1913 774 1964 praetermissis,
798 1912 1005 1965 delegerit
1032 1913 1307 1965 potissimum
1339 1912 1560 1952 historiam
1589 1912 1722 1966 Ulys-

273 1979 350 2027 sis,
374 1991 425 2019 ac
442 1978 541 2018 dein
564 1977 919 2030 Agamemnonis,
940 1980 1080 2021 occisi
1099 1981 1154 2020 ab
1176 1991 1328 2029 uxore,
1350 1983 1399 2019 ut
1415 1983 1458 2019 et
1477 1978 1610 2032 hujus
1625 1979 1721 2029 filii,

273 2045 462 2094 Orestis,
492 2045 547 2086 de
569 2047 732 2099 quibus
754 2048 958 2088 omnibus
988 2048 1117 2100 longe
1140 2047 1283 2100 plura,
1305 2047 1410 2087 licet
1442 2048 1722 2099 congruenti-

271 2112 356 2152 bus
377 2113 560 2152 summis
585 2125 724 2153 rerum
759 2115 815 2154 ab
839 2114 1094 2155 Homericis
1115 2113 1441 2154 narrationibus
1478 2113 1718 2166 aliquando

273 2179 571 2220 secedentium
604 2181 846 2233 capitibus,
866 2181 1011 2227 refert,
1045 2193 1173 2233 quam
1209 2180 1389 2229 Noster,
1410 2184 1454 2220 et
1483 2184 1631 2221 tamen
1661 2193 1721 2221 ex

273 2246 451 2300 Dictye‚
473 2251 524 2287 ut
554 2246 716 2288 diserte
747 2247 981 2288 identidem
1015 2247 1092 2288 ait.
1151 2246 1267 2287 Vide
1299 2260 1345 2300 p.
1379 2248 1473 2288 152.
1494 2247 1548 2288 de
1577 2247 1720 2297 Circe,

273 2327 405 2367 quam
429 2314 596 2356 Noster
630 2314 735 2355 nihil
757 2315 890 2364 aliud,
914 2328 1044 2368 quam
1065 2314 1275 2363 nominat,
1298 2323 1343 2354 et
1364 2327 1407 2367 p.
1428 2314 1525 2354 155.
1551 2314 1646 2355 168.
1677 2318 1722 2356 et

272 2381 369 2421 172.
432 2380 611 2422 Clarum
633 2394 691 2421 ex
710 2394 779 2431 eo,
796 2383 1005 2423 habuisse
1023 2381 1204 2423 Graecos
1220 2382 1486 2434 posteriores
1507 2380 1602 2431 illa,
1617 2393 1719 2434 quae

274 2447 466 2502 Dictyos
487 2449 663 2488 nomine
692 2448 886 2498 laudant,
917 2462 1003 2489 non
1037 2461 1094 2488 ex
1125 2452 1276 2488 nostro
1305 2447 1540 2500 Septimio,
1561 2448 1641 2489 sed
1662 2460 1720 2489 ex

274 2513 436 2555 Graeco
459 2514 634 2568 Dictye‚
656 2527 782 2568 quem
801 2515 949 2568 ipsum
970 2516 1101 2555 vertit
1121 2514 1277 2555 Latine
1297 2514 1558 2567 Septimius,
1574 2518 1616 2555 et
1635 2515 1720 2557 hac

272 2581 318 2621 in
349 2585 484 2634 parte,
508 2594 608 2634 quae
647 2582 702 2622 de
744 2581 885 2623 reditu
919 2581 1177 2623 Graecorum
1218 2582 1391 2633 agebat,
1426 2581 1642 2622 contraxit
1675 2583 1721 2623 in

273 2648 524 2700 Epitomen,
546 2652 588 2689 et
616 2648 717 2689 ideo
747 2649 907 2699 minus,
938 2649 1055 2703 quod
1089 2649 1146 2689 ad
1176 2648 1298 2689 filum
1326 2647 1541 2688 Historiae
1572 2653 1618 2689 et
1648 2661 1720 2689 se-

273 2715 379 2755 riem
399 2727 560 2764 rerum,
581 2727 680 2756 cum
704 2715 868 2758 Malela
888 2720 931 2757 et
953 2716 1154 2757 Cedreno
1177 2716 1278 2756 istic
1300 2715 1510 2767 congruit.

333 2790 467 2822 xxm.
492 2781 584 2823 Ista
606 2786 753 2825 autem
775 2785 953 2826 uberius
970 2784 1103 2838 paulo
1123 2788 1167 2825 et
1183 2782 1406 2836 copiosius
1424 2780 1720 2824 demonstrare
