1915 3231
318 263 402 305 244
788 277 997 308 DICTYOS
1032 277 1302 308 CRETENSIS

318 372 453 418 esset,
474 372 599 410 extra
625 370 789 411 moenia
814 370 1065 411 tolleretur:
1109 383 1300 422 namque
1336 369 1379 409 id
1412 369 1763 423 antiquissimum

317 435 486 486 signum
507 437 622 477 coelo
644 438 916 491 sublapsum,
938 451 1026 491 qua
1047 441 1302 490 tempestate
1331 437 1422 477 llus
1444 437 1655 490 templum
1676 436 1765 476 Mi-

316 512 463 542 nervae
485 507 726 552 exstruens,
747 517 886 557 prope
909 516 1124 544 summum
1154 503 1319 556 fastigii
1347 508 1636 557 pervenerat:
1679 503 1765 544 ibi—

317 580 401 620 que
422 568 532 610 inter
551 583 684 623 opera
705 584 802 612 cum
823 570 1037 612 necdum⁶
1059 575 1256 624 tegumen
1273 570 1605 624 superpositum
1628 575 1766 621 esset,

319 634 469 676 sedern
501 637 588 677 sibi
619 638 928 690 occupavisse,
958 637 1092 691 idque
1125 638 1294 690 signum
1323 637 1444 690 ligno
1476 635 1765 677 fabrefactum

317 713 429 743 esse.
490 701 781 744 Hortantibus
815 703 915 744 dein
948 704 1107 745 nostris
1138 704 1204 745 uti
1235 716 1385 745 secum
1416 703 1473 744 ad
1504 715 1557 744 ea
1586 702 1766 744 omnia³

318 769 565 818 eniteretur,
588 768 802 809 facturum
823 782 871 810 se
893 782 992 822 quae
1016 773 1237 823 cuperent,
1254 770 1492 824 respondit.
1529 769 1680 823 Atque
1695 769 1766 810 his

317 834 539 888 praedicit,
566 836 740 888 publice
762 849 809 877 se
830 837 874 877 in
896 837 1082 878 consilio
1105 850 1236 890 super
1259 838 1472 890 qualitate
1495 850 1644 879 eorum
1665 849 1765 890 quae

318 901 586 954 postulaturi
617 906 765 943 essent
794 904 1015 943 exertius⁷
1046 903 1359 954 disserturum,b
1397 904 1561 945 scilicet
1589 916 1644 944 ue
1678 915 1768 957 qua

320 968 517 1020 suspicio
540 967 610 1007 sui
631 967 747 1021 apud
771 968 987 1009 barbaros
1015 969 1210 1011 oriretur.
1271 970 1341 1010 Ita
1361 970 1610 1024 composito
1633 982 1768 1022 nego-

318 1034 395 1083 tio,
415 1047 514 1074 cum
534 1034 631 1074 luce
653 1034 786 1074 simul
802 1033 995 1077 Antenor
1007 1047 1061 1075 ac
1078 1034 1233 1089 reliqui
1249 1048 1451 1089 proceres
1465 1036 1520 1077 ad
1542 1035 1768 1076 Priamum

318 1100 506 1152 vadunt3
536 1100 672 1140 nostri
694 1099 750 1140 ad
771 1113 907 1141 naves
930 1101 1125 1142 redeunt.
1185 1101 1265 1155 [6.]
1297 1102 1411 1143 Dein
1430 1102 1507 1143 ubi
1521 1102 1646 1156 justa
1660 1115 1769 1155 pue-

320 1168 408 1208 risc
430 1167 549 1208 facta
570 1171 684 1216 sunt,
703 1171 804 1221 post
825 1168 938 1208 diem
964 1169 1141 1209 tertium
1163 1168 1313 1210 Idaeus
1334 1169 1612 1222 supradictos
1629 1168 1769 1210 duces

321 1235 514 1276 accitum
533 1234 680 1276 venit:
712 1234 810 1287 quis
845 1235 1135 1287 praesentibus
1159 1234 1394 1289 Lampus,d
1416 1235 1639 1289 ceterique
1661 1248 1770 1290 quo—

320 1314 413 1341 rum
445 1301 675 1342 consilium
706 1302 998 1354 praevalebat,
1021 1302 1162 1344 multa
1193 1302 1423 1353 disserere,
1444 1306 1578 1356 atque
1611 1302 1768 1344 docere

322 1380 376 1408 ea
400 1380 501 1422 quae
529 1372 658 1409 antea
681 1371 804 1420 gesta
832 1372 995 1418 essent,
1014 1373 1175 1410 temere
1200 1372 1243 1409 et
1269 1367 1551 1417 inconsulta,⁸
1570 1380 1660 1409 non
1688 1380 1769 1421 per

323 1447 387 1485 se,
422 1435 586 1489 quippe
617 1435 708 1488 qui,
751 1435 959 1477 contemti
989 1435 1274 1490 despectique
1314 1448 1340 1476 a
1377 1434 1551 1488 regulis,
1582 1433 1766 1475 arbitrio

325 1502 468 1542 alieno
490 1506 684 1555 agerent.
745 1501 950 1543 Ceterum
973 1501 1095 1555 quod
1113 1514 1234 1542 arma
1253 1501 1466 1542 adversus
1493 1499 1679 1542 Graecos
1701 1505 1771 1542 tu-

321 1567 491 1618 lissent,
510 1581 599 1608 non
620 1573 778 1621 sponte
799 1568 961 1609 factum
979 1581 989 1609 :
1021 1581 1208 1622 namque
1222 1569 1299 1622 qui
1322 1568 1404 1609 sub
1422 1567 1606 1622 imperio
1628 1567 1772 1609 alieno

324 1639 513 1687 agerent,
538 1634 865 1688 expectandum
885 1635 968 1686 his,
1001 1640 1130 1690 atque
1162 1636 1471 1689 exequendum
1491 1648 1590 1676 esse
1614 1638 1770 1675 nutum

324 1700 418 1754 ejus
440 1701 516 1756 qui
537 1705 708 1743 teneat.e
758 1700 828 1742 Ob
849 1714 949 1755 quae
972 1702 1150 1756 dignum
1172 1714 1268 1743 esse
1290 1699 1499 1744 Graecosf
1516 1701 1621 1743 data
1640 1700 1771 1742 venia

934 1807 1171 1822 601010‘00000

325 1877 346 1905 6
359 1874 484 1916 Delph.
502 1878 696 1914 tegmem—7
714 1875 813 1914 Vulg.
829 1875 999 1906 exercitum
1015 1876 1220 1906 deserturum.
1254 1875 1324 1906 Ms.
1340 1873 1492 1905 Danielis
1505 1872 1646 1904 exterius
1659 1872 1772 1904 disser-

327 1920 442 1948 turum.
489 1917 557 1949 Ms.
588 1918 713 1949 Petav.
743 1918 885 1949 exercitas
911 1918 1188 1949 disserturum—8
1214 1917 1341 1958 Delph.
1370 1916 1616 1948 inconsulta-9
1646 1914 1771 1957 Delph-

973 2001 1116 2033 NOTAE

369 2068 385 2084 ὃ
412 2064 469 2095 Uti
482 2074 584 2095 secum
603 2065 642 2095 ad
667 2075 703 2096 ea
727 2065 840 2105 omnia,
859 2063 927 2104 ὅπη]
960 2064 1021 2095 Uti

328 2123 440 2146 secum
457 2124 497 2146 ea
512 2116 622 2146 onmia
642 2120 803 2154 tentaret,
817 2119 1020 2146 conaretur:

326 2168 365 2194 ut
395 2163 585 2195 Palladium
616 2165 763 2206 eripere,
791 2168 827 2196 et
850 2164 916 2195 alia
946 2173 1021 2205 quae

329 2223 389 2244 usu
404 2212 528 2245 forent.

370 2263 384 2284 ὓ
408 2264 560 2295 Exertius
574 2263 790 2304 disserturum]
816 2262 1024 2294 Omninoita

329 2313 566 2352 scribendum
589 2323 663 2344 nam
686 2312 774 2353 quod
792 2312 888 2352 vulgo
905 2312 1023 2343 edeba-

331 2368 398 2402 tur,
412 2368 420 2380 ‘
434 2364 619 2394 exercitum
635 2361 870 2400 deserturum:
887 2371 1023 2402 prorsus

329 2414 509 2444 absurdum
527 2420 598 2445 est:
625 2423 687 2444 nec
709 2413 827 2443 melius
843 2412 876 2442 in
893 2411 1023 2442 Danie-

331 2464 372 2493 lis
388 2464 486 2501 libro,
501 2465 510 2480 ‘
527 2463 675 2493 exterius
689 2460 932 2492 disserturum.'
978 2460 1025 2492 At

330 2514 363 2544 in
379 2513 579 2553 Petmiano,
591 2512 600 2529 ‘
612 2512 766 2543 exercius
778 2511 1024 2542 disserturum?

334 2565 382 2596 At
399 2566 499 2605 paulo
521 2569 597 2605 post
619 2565 744 2595 diserte
770 2563 922 2595 Danielis
943 2562 1026 2593 liber

331 2615 446 2650 habet.
469 2615 479 2632 ‘
492 2624 567 2655 quae
584 2613 745 2645 adversus
762 2622 820 2644 eos
838 2622 899 2653 pro
916 2612 1027 2652 patria

331 2665 480 2695 exertius
496 2662 732 2695 disseruisset?
777 2663 786 2680 ‘
800 2663 929 2693 Exerte
943 2661 950 2675 '
964 2671 1026 2702 pro

331 2714 506 2750 audacter,
529 2712 751 2752 confidenter,
778 2721 853 2743 cum
881 2711 1025 2741 alterca-

333 2766 448 2803 tione3
481 2763 651 2804 elegantia
676 2763 749 2803 ejus
777 2761 904 2794 saeculi.
937 2760 1024 2792 Mer-

331 2826 391 2848 cer.

1116 2069 1130 2085 0
1166 2063 1295 2104 Pueris]
1333 2063 1476 2095 Helenae
1506 2067 1542 2094 et
1572 2061 1773 2102 Alexandri,

1075 2123 1156 2154 quos
1169 2123 1313 2145 camerae
1331 2114 1427 2146 ruina
1442 2123 1544 2155 supra
1559 2112 1706 2145 obtritos
1722 2122 1773 2144 re·

1074 2164 1154 2195 fert.

1119 2213 1134 2234 ὓ
1158 2213 1306 2254 Lampus]
1344 2213 1469 2245 Nescio
1499 2221 1579 2244 sane
1605 2212 1679 2253 quis
1706 2212 1772 2244 iste

1077 2262 1181 2294 fuerit
1194 2263 1454 2304 Lampus‚cujus
1465 2262 1682 2304 praevaluisse
1694 2271 1775 2294 con·

1078 2312 1187 2342 silium
1204 2311 1298 2344 dicit.

1119 2365 1133 2381 e
1158 2361 1222 2396 Qui
1237 2362 1354 2402 teneat]
1375 2361 1405 2391 Ι.
1420 2360 1478 2402 qui
1491 2360 1700 2392 dominetur:
1715 2360 1773 2402 qui

1079 2409 1256 2451 imperium
1272 2410 1409 2441 habeat.

1120 2459 1133 2480 f
1151 2460 1295 2498 Dignum
1316 2468 1380 2491 esse
1402 2459 1544 2500 Groecos]
1577 2458 1774 2499 Dupliciter

1077 2511 1141 2542 hoc
1155 2516 1269 2551 potest
1284 2510 1439 2550 intelligi,
1451 2510 1478 2540 si
1495 2510 1602 2548 dicas,
1615 2513 1625 2528 ⁴
1636 2509 1774 2549 dignum

1079 2561 1249 2601 negotium
1266 2569 1340 2591 esse
1355 2559 1497 2590 Graecos
1509 2558 1686 2589 consulere
1702 2558 1775 2598 eis,'

1079 2613 1143 2642 &c.
1199 2610 1280 2649 Vel,
1319 2615 1327 2629 ‘
1341 2609 1477 2648 dignum
1504 2618 1577 2639 esse
1608 2608 1777 2648 Graecos,'

1079 2670 1140 2702 pro
1164 2658 1342 2691 ‘Graeeis.’
1384 2656 1577 2698 'Dignum’
1603 2657 1691 2688 enim
1718 2667 1774 2689 ac-

1078 2709 1232 2741 cusativo
1248 2708 1414 2750 jungitur,
1432 2706 1671 2739 subintellecta
1685 2707 1775 2738 scili-

1078 2764 1134 2790 cet
1157 2758 1408 2800 praepositione,
1430 2758 1440 2775 ‘
1456 2756 1533 2798 per’
1557 2756 1611 2789 vel
1633 2755 1773 2788 ‘secun-

1078 2809 1182 2841 durn.'
