1915 3231
389 526 716 586 JACOBI
785 522 1256 583 PERIZONII

506 670 1139 739 DISSERTATIO

262 840 364 890 DE
400 840 757 890 HISTORIA
793 841 1006 890 BELLI
1043 837 1381 896 TROJANI,

97 976 247 1031 QUAE
276 977 552 1021 DICTYOS
576 976 926 1020 CRETENSIS
954 975 1187 1018 NOMEN
1216 975 1547 1030 PRAEFERT,

696 1093 947 1146 GRAECA,

323 1209 384 1240 ET
406 1208 515 1242 EJUS
538 1208 842 1241 INTERPRETE
866 1208 1057 1248 LATINO,
1080 1206 1326 1246 SEPTIMIO,

286 1303 539 1338 HUJUSQUE
571 1304 735 1336 AETATE
768 1303 1067 1336 POTISSIMUM
1102 1303 1164 1336 Ac
1194 1303 1355 1335 STYLO.

560 1565 693 1603 V1Ro
733 1564 1075 1611 CLARISfflMO,

313 1660 894 1710 CHRISTOPHORO
932 1660 1319 1719 CELLARIO,

91 1769 433 1802 HISTORIARUM
458 1770 516 1801 ET
539 1769 814 1802 LITERARUM
840 1770 1184 1802 HUMANIORUM
1208 1771 1263 1803 IN
1284 1770 1545 1804 FRIDEnrcis-

160 1834 261 1866 ANA
286 1833 494 1867 HALENSI
518 1833 773 1866 ACADEMIA
795 1834 1094 1867 PROFESSORI
1118 1835 1472 1876 ERUDITiSSIMO,

708 1920 748 1952 S.
790 1920 833 1950 Ρ.
870 1921 916 1951 D.

527 1996 657 2040 JAC.
699 1998 1110 2041 PERIZONIUS.

90 2079 158 2135 IN
192 2097 425 2147 angustum
461 2094 631 2148 oppido
671 2098 883 2147 coguntur
927 2093 1089 2134 dudum
1125 2094 1268 2148 magis
1307 2095 1536 2150 magisque

90 2162 336 2202 communia
355 2161 483 2203 nobis
504 2161 724 2203 literarum
747 2174 891 2212 sacra,
912 2167 965 2203 ut
986 2162 1096 2204 adeo
1117 2163 1250 2217 pauci
1266 2163 1360 2216 jam
1383 2177 1535 2218 super-

87 2228 177 2269 sint
195 2229 310 2270 casti
327 2242 475 2271 eorum
496 2230 764 2280 sacerdotes,
786 2235 830 2271 et
860 2230 904 2270 hi
927 2230 1030 2283 ipsi,
1061 2235 1111 2271 ut
1131 2231 1344 2272 saeculum
1367 2236 1449 2281 est,
1471 2237 1538 2273 ut-

88 2308 174 2350 que
206 2296 251 2337 in
292 2310 346 2338 eo
378 2297 594 2339 vilescunt
625 2298 774 2339 ubivis
806 2299 936 2339 bonae
970 2301 1105 2347 artes,
1137 2298 1269 2339 ctiam
1304 2300 1537 2351 pauciores

87 2376 272 2405 numero
293 2364 416 2406 brevi
436 2364 671 2406 videantur
683 2364 836 2406 futuri:
866 2377 969 2405 nam
990 2365 1090 2418 quis
1111 2365 1243 2406 facile
1264 2365 1536 2406 laboriosum

86 2443 283 2485 prorsuS,
304 2432 379 2472 sed
407 2432 493 2472 sibi
514 2432 648 2473 ferme
669 2433 819 2473 inutile
842 2445 894 2473 ac
914 2438 1106 2485 spretum
1126 2433 1323 2486 publice,
1346 2434 1537 2474 tentabit

88 2497 296 2552 deinceps
315 2498 544 2540 studium?
576 2499 620 2540 in
639 2504 786 2540 vestra
814 2504 902 2540 tam
933 2499 1067 2539 latum
1099 2503 1276 2552 patente
1298 2499 1539 2542 Germania-

87 2566 186 2619 quis
209 2565 305 2620 jam
336 2579 454 2607 nunc
485 2579 561 2619 per
594 2579 744 2606 omnes
765 2579 893 2619 paene
915 2565 1197 2615 Academias,
1217 2566 1295 2606 ubi
1317 2567 1397 2606 abs
1419 2570 1461 2607 te
1490 2572 1537 2606 et

85 2633 367 2686 paucissimis
390 2633 491 2674 aliis
513 2633 798 2683 discedimus,
819 2632 973 2673 existit
993 2632 1199 2685 amplius,
1222 2633 1299 2686 qui
1322 2633 1474 2674 sedulo
1494 2637 1536 2674 et

85 2699 201 2740 bona
219 2699 306 2741 fide
327 2700 603 2741 humaniores
622 2701 722 2741 illas
743 2703 912 2741 tueatur
930 2700 1100 2748 literas,
1120 2703 1164 2741 et
1191 2699 1409 2752 fugientes
1430 2700 1533 2741 inde

88 2765 246 2807 Musas
279 2768 437 2808 morari
470 2767 654 2817 studeat,
676 2780 728 2808 ac
760 2767 988 2822 pristinam
1020 2766 1201 2807 retinere
1234 2766 1425 2821 antiquae
1456 2767 1534 2808 do-

87 2845 186 2873 mus
205 2833 424 2886 gloriam?
458 2834 629 2875 Floruit
649 2835 741 2885 illa,
764 2847 861 2876 cum
884 2833 1112 2887 Agricolas
1132 2833 1330 2885 haberet,
1354 2833 1532 2875 Rhena-
