1915 3231
569 668 1115 726 PRAEFATIO.

111 1030 339 1097 DICTYS,
359 1061 513 1101 genere
536 1047 762 1089 Cretensis
784 1047 837 1088 de
856 1049 1033 1089 civitate
1056 1047 1244 1100 Gnoso‚³
1277 1048 1435 1089 iisdem
1457 1051 1565 1089 tem-

107 1114 290 1168 poribus
309 1115 467 1168 quibus
497 1119 541 1158 et
573 1114 750 1156 Atrides
786 1114 883 1165 suit,
914 1115 1086 1168 peritus
1109 1116 1233 1157 vocis
1262 1128 1316 1157 ac
1339 1115 1565 1156 literarum

107 1179 408 1231 Phoenicum,b
428 1195 528 1234 quae
551 1195 577 1222 a
597 1181 769 1222 Cadmo
785 1180 1002 1222 Achaiam
1020 1187 1034 1204 ⁶
1054 1182 1229 1223 fuerant
1251 1182 1427 1223 delatae.
1475 1181 1565 1221 Hic

107 1247 189 1288 fuit
216 1248 369 1289 socius
404 1248 654 1298 Idomenei,
688 1248 984 1289 Deucalionis
1015 1247 1112 1297 filii,
1144 1253 1190 1289 et
1226 1248 1462 1298 Merionis,
1506 1260 1565 1288 ex

111 1313 273 1363 Molo,d
294 1314 368 1367 qui
405 1315 540 1356 duces
575 1328 674 1356 cum
706 1315 904 1356 exercitu
935 1318 1089 1355 contra
1121 1314 1255 1355 Ilium
1289 1319 1507 1365 venerant,
1538 1329 1566 1357 a

108 1382 271 1434 quibus
287 1381 518 1423 ordinatus
537 1387 621 1431 est,
643 1386 691 1423 ut
711 1382 894 1423 annales
911 1381 1020 1422 belli
1041 1381 1227 1435 Trojani
1245 1382 1564 1425 conscriberet.

109 1447 247 1501 Igitur
267 1448 321 1489 de
353 1453 444 1489 toto
475 1449 557 1490 hoc
586 1449 701 1490 bello
723 1461 803 1489 sex
837 1448 1092 1489 voluminae
1131 1448 1174 1488 in
1202 1448 1324 1490 tilias
1355 1448 1565 1502 digessit*

151 1587 165 1602 ²
188 1583 305 1625 Dictys
316 1595 430 1624 genere
447 1586 606 1618 Cretensis
622 1587 659 1617 de
680 1586 809 1617 civitate

112 1631 231 1673 Gnoso]
257 1634 343 1666 Haec
368 1636 471 1666 veluti
489 1636 646 1676 praefatio
662 1637 694 1667 in
711 1636 807 1667 libris

107 1683 232 1714 nostris
248 1689 334 1724 erat,
349 1684 420 1715 sine
438 1686 504 1716 ulla
521 1686 754 1726 inscriptione,
771 1689 806 1716 at

106 1741 251 1773 sequens
261 1734 419 1775 epistola,
431 1745 506 1776 quae
520 1736 658 1776 vulgata
671 1735 734 1766 snb
747 1745 805 1766 no-

106 1783 196 1813 mine
221 1784 263 1817 Q.
283 1784 438 1825 Septimii
463 1786 618 1826 Romani,
646 1786 737 1817 nulla
753 1791 807 1817 est

104 1833 139 1864 in
156 1834 301 1876 antiquis
318 1836 582 1876 exemplaribus,
608 1837 805 1877 Itaquenon

104 1883 294 1915 dubitamus
306 1885 385 1925 quin
401 1886 474 1916 haec
491 1886 536 1917 sit
551 1886 593 1916 ab
609 1887 682 1926 ipso
699 1887 806 1926 scrip·

105 1937 180 1964 tore
195 1934 322 1973 operis,
338 1934 393 1975 qui
422 1936 580 1976 apposite
608 1935 707 1966 finxit
731 1936 803 1967 baec

105 1982 148 2013 de
160 1982 300 2014 Punicis
315 1984 488 2023 literis,de
512 1987 627 2016 arcula
648 1990 804 2025 stannea,

104 2033 146 2063 de
160 2034 316 2074 sepulcro
328 2038 427 2065 terrae
446 2039 537 2065 motu
557 2034 743 2075 patefactO,
760 2034 803 2066 de

105 2085 313 2125 Enpraxide,
338 2085 466 2116 Rutilio
482 2086 594 2118 Cretae
610 2085 804 2125 Consulari,

104 2140 140 2165 et
158 2134 294 2166 Nerone
309 2135 406 2175 cujus
417 2135 513 2175 jussu
539 2136 625 2167 liber
648 2135 681 2166 in
705 2135 802 2181 Grat-

103 2194 180 2216 cum
191 2185 234 2215 sit
251 2194 447 2216 conversus.

146 2234 160 2254 ὓ
184 2234 312 2265 Peritus
336 2235 418 2265 vocis
439 2245 476 2266 ac
498 2233 659 2265 literarum
676 2234 804 2266 Phoem'·

103 2283 186 2324 curn]
211 2284 358 2324 Vulgata
381 2289 433 2315 est
461 2289 612 2314 veterum
639 2284 710 2315 fere
734 2294 802 2315 om-

102 2335 193 2365 nium
211 2335 382 2366 sententia
396 2334 559 2366 Cadmum
576 2335 607 2365 in
633 2335 802 2366 Graeciam

103 2384 220 2415 literas
238 2383 429 2414 Plioenicias
453 2383 606 2415 intulisse
631 2384 722 2416 circa
745 2394 802 2415 an-

104 2443 181 2464 num
196 2433 311 2465 mundi
327 2435 422 2464 2660.
439 2443 504 2474 quo
523 2438 676 2474 tempore
696 2433 804 2465 Israe-

103 2485 174 2515 111ae
192 2484 390 2515 Madianitis
407 2483 615 2522 serviebant,
638 2484 728 2515 unde
745 2494 803 2516 eos

102 2533 257 2565 liberavit
275 2533 430 2565 Gedeon.
475 2534 518 2565 Et
537 2543 572 2565 re
589 2543 667 2564 vera
684 2534 802 2566 Ionum

103 2584 252 2625 antiquae
277 2584 384 2615 literae
413 2584 542 2615 eaedem
570 2594 644 2625 quae
667 2585 805 2616 Plioeni-

102 2634 176 2672 ciae,
188 2639 221 2664 et
239 2634 473 2665 Samaritani».
520 2634 566 2665 Ut
581 2634 713 2665 abunde
727 2645 805 2675 pro-

102 2683 196 2714 bavit
224 2683 394 2723 ,Iosephus
424 2683 578 2723 Scaliger
606 2684 639 2714 in
670 2684 804 2715 erudita

103 2733 161 2764 illa
177 2733 418 2764 dissertatione
435 2732 476 2763 de
494 2733 602 2764 literis
618 2733 752 2773 Ionum,
769 2739 804 2766 et

103 2788 181 2822 post
207 2792 282 2814 eum
308 2783 500 2814 Ludovicus
527 2783 646 2824 Capel,
673 2789 707 2814 et
739 2785 806 2815 Bo-

102 2834 240 2866 chartus
257 2834 313 2874 qui
329 2833 360 2864 in
375 2843 431 2865 suo
444 2832 585 2875 phaleg,
602 2844 633 2875 p.
651 2837 725 2866 490.
747 2836 755 2852 ‘
768 2834 804 2866 Si

862 1582 1007 1622 figuram
1023 1582 1185 1624 spectes‚’
1206 1582 1329 1624 inquit,
1352 1585 1361 1601 ⁴
1377 1582 1507 1615 Graecae
1527 1583 1565 1614 li-

864 1637 961 1672 terae,
976 1633 1122 1664 maxime
1146 1633 1359 1674 antiquiores
1380 1633 1460 1673 illae,
1483 1643 1565 1674 qua*

862 1692 935 1713 rum
964 1683 1121 1723 exempla
1144 1683 1178 1714 in
1206 1682 1405 1714 Eusebianis
1421 1682 1565 1723 praefert

860 1732 1076 1763 doctissimus
1088 1733 1254 1773 Scaliger,
1272 1732 1416 1764 vetustis
1431 1733 1564 1764 Plioeni-

860 1791 936 1813 cum
952 1782 1072 1818 literis,
1088 1783 1210 1823 quibus
1230 1783 1330 1814 hodie
1346 1786 1488 1814 utuntur
1504 1783 1567 1814 Sa—

860 1833 1033 1868 maritani,
1050 1833 1083 1863 in
1102 1833 1273 1874 plerisque
1291 1836 1360 1864 tam
1377 1837 1455 1864 sunt
1474 1833 1565 1864 simi-

859 1882 922 1922 les,
937 1886 974 1913 nt
992 1883 1116 1913 nemini
1140 1893 1206 1914 non
1231 1887 1346 1924 pateat
1363 1883 1438 1914 illas
1455 1893 1497 1915 ex
1514 1884 1563 1914 his

860 1942 933 1963 esse
949 1932 1152 1973 expressas.’
1197 1933 1427 1965 Samaritanas
1451 1939 1562 1965 antem

859 1982 975 2014 literas
991 1983 1061 2013 sive
1076 1983 1270 2015 Phoenicias
1283 1983 1416 2015 easdem
1427 1989 1462 2016 et
1478 1986 1563 2016 Cha-

858 2043 996 2065 nanaeas
1028 2033 1134 2066 fnisse
1165 2035 1373 2067 validissime
1404 2036 1563 2076 probavit

857 2084 1083 2115 nobilissimus
1101 2085 1250 2117 Huetius
1267 2086 1300 2116 in
1318 2095 1421 2117 aureo
1445 2086 1503 2117 illo
1527 2092 1562 2118 et

857 2143 1029 2174 nunquam
1044 2134 1123 2165 satis
1138 2144 1199 2175 pro
1212 2135 1379 2176 dignitate
1394 2135 1562 2166 laudando

855 2193 960 2224 opere
975 2184 1192 2224 Evangelicae
1209 2185 1520 2216 demonstrationis.

900 2238 913 2255 0
939 2233 978 2264 In
1005 2233 1170 2274 Achaiam]
1198 2235 1273 2267 Quo
1304 2234 1438 2265 nomine
1470 2234 1561 2266 dicta

857 2294 932 2325 quae
945 2284 1021 2315 olim
1034 2285 1183 2324 Graecia,
1197 2290 1270 2325 post
1284 2285 1392 2316 victos
1404 2285 1561 2324 Aeliaeos,

858 2339 894 2366 et
922 2334 1044 2366 mansit
1070 2335 1103 2366 id
1131 2345 1253 2366 nomen
1273 2334 1411 2366 Achaiae
1428 2336 1561 2375 provin-

857 2385 919 2415 ciae
951 2384 1013 2415 sub
1040 2384 1307 2424 Imperatoribus
1335 2385 1506 2424 Romanis,
1526 2391 1561 2415 et

859 2434 891 2464 in
914 2443 1002 2465 nova
1026 2434 1190 2466 divisione
1217 2434 1446 2465 Constantini.
1472 2434 1561 2465 Mer-

857 2493 920 2515 cer.

898 2533 913 2555 ὖ
940 2533 1141 2565 Deucalionis
1145 2534 1214 2575 filii
1228 2537 1256 2564 et
1271 2533 1425 2564 Meriom's
1437 2544 1476 2565 ex
1488 2535 1560 2564 Mo-

853 2583 898 2624 lo]
923 2584 1011 2614 Vide
1029 2583 1118 2614 infra
1134 2583 1266 2614 initium
1284 2583 1341 2614 lib.
1355 2591 1379 2615 1.

900 2638 913 2653 θ
936 2633 1002 2664 Sex
1027 2632 1196 2672 volumina]
1222 2633 1278 2664 Ait
1304 2641 1362 2663 sex
1391 2633 1559 2665 volumina

856 2682 1134 2722 tantninscripta
1151 2681 1268 2722 fuisse,
1295 2682 1354 2712 sed
1381 2682 1414 2713 in
1443 2685 1559 2724 spuria

853 2735 911 2765 illa
927 2734 1084 2775 Septimii
1098 2734 1251 2774 Epistola
1265 2735 1399 2775 ineptus
1409 2735 1560 2775 scriptor

857 2785 905 2816 ait
934 2795 970 2816 se
1000 2785 1148 2825 priorum
1175 2785 1324 2825 quinque
1342 2785 1560 2825 voluminum,

858 2845 934 2876 quae
955 2835 1042 2866 bello
1068 2840 1245 2867 contracta
1276 2839 1439 2877 gestaque
1468 2841 1543 2867 sunt
