1915 3231
487 296 549 325 DE
585 295 744 325 nmmo
778 295 1006 325 TROJANO
1044 296 1135 326 mn.
1170 297 1242 326 ιιι.
1492 287 1575 328 207

132 389 252 444 apud
274 388 458 430 Graecos
480 389 707 442 praecipue
729 391 822 429 erat
841 387 1139 428 misericordia
1154 389 1202 428 'li
1262 387 1333 429 An
1348 388 1484 442 juxta
1503 404 1576 431 so-

130 458 218 498 lum
241 454 497 497 Priamum6
527 455 898 496 circumscribitur
913 455 932 494 ‘l
949 459 962 476 ¹
1016 454 1124 508 [23]
1154 454 1347 508 Jamque
1370 456 1573 497 omnibus

133 523 280 564 dolore
303 522 533 576 permotis,
556 521 770 571 Achilles,
792 521 1009 571 decuisse,
1033 522 1111 571 ait,
1124 521 1237 562 filios
1258 534 1356 562 eum
1373 534 1480 562 suos
1497 522 1576 562 ini-

135 590 198 631 tio
218 590 274 630 ab
294 602 347 629 eo
367 588 487 642 quod
510 588 765 629 admiserint
786 587 976 628 facinore
998 588 1200 629 cohibere
1219 602 1229 629 ;
1260 601 1400 641 neque
1430 590 1573 643 ipsum

133 655 431 705 concedendo,
442 655 549 696 tanti
575 655 723 696 delicti
744 655 1000 708 participem
1023 655 1149 695 fieri.⁰
1180 654 1385 697 Ceterum
1407 661 1507 698 ante
1530 657 1575 698 id

132 722 387 764 decennium
406 735 495 762 non
516 722 580 762 ita
599 721 821 762 defessum
841 725 1025 761 senecta
1045 721 1193 770 fuisse,
1213 725 1260 762 ut
1280 723 1373 762 suis
1393 723 1579 776 despec—

131 790 195 830 tui
222 793 369 830 esset:
401 788 480 829 sed
501 787 733 830 obsedisse
766 788 940 829 animos
968 801 1115 828 eorum
1137 788 1398 830 desiderium
1435 803 1577 831 rerum

133 856 375 897 alienarum
395 867 406 896 ε
435 868 578 909 neque
599 855 656 896 ob
679 855 904 896 mulierem
926 855 1067 896 solum
1089 868 1234 906 unam,
1268 857 1347 897 sed
1369 855 1494 898 Atrei
1515 862 1580 898 at-

133 934 218 976 que
242 921 425 975 Pelopis
447 921 615 962 divitiis
636 920 873 972 inhiantes,
894 925 1069 975 raptum
1091 927 1184 962 resS
1213 935 1333 963 more
1355 923 1579 966 incondito

131 990 409 1042 perrexisse:
440 1001 520 1042 pro
541 989 640 1042 quis
662 989 963 1041 aequissimum
995 993 1119 1030 esse¹
1153 988 1374 1042 ejusmodi
1406 1003 1579 1043 poenas,

132 1056 203 1097 vel
222 1056 352 1097 etiam
373 1056 593 1108 graviores
614 1055 817 1108 pendere.
877 1055 1085 1109 Namque
1109 1055 1166 1096 ad
1186 1056 1231 1096 id
1261 1060 1433 1109 tempus
1456 1057 1581 1099 Grae-

134 1134 215 1162 cos
237 1127 412 1163 secutos
433 1135 595 1163 morem
613 1123 658 1162 in
675 1122 803 1163 bellis
824 1122 1055 1176 optimum,
1069 1134 1371 1176 quoscumque
1383 1123 1579 1165 hostium

133 1201 279 1242 pugna
300 1188 545 1238 conficeret,
562 1189 787 1229 restituere
807 1189 1046 1242 sepulturae
1069 1189 1245 1230 solitos.
1277 1189 1441 1231 Contra
1459 1190 1580 1233 Hec-

134 1260 273 1296 torem
295 1268 623 1309 supergressum
654 1255 942 1297 humanitatis
974 1256 1169 1305 modum,
1205 1256 1461 1298 Patroclum
1498 1259 1581 1299 eri-

135 1335 238 1375 pere
258 1322 411 1375 praelio
433 1335 606 1370 ausum,
628 1322 801 1363 scilicet
833 1323 887 1363 ad
921 1321 1198 1372 ludendum,⁸
1235 1336 1287 1364 ac
1323 1323 1580 1366 foedandum

136 1388 324 1430 cadaver
344 1389 466 1442 ejus:
497 1388 617 1441 quod
637 1389 884 1442 exemplum
907 1390 1055 1443 poenis
1089 1402 1141 1430 ac
1178 1390 1410 1443 suppliciis
1431 1404 1579 1432 eorum

135 1455 380 1504 eluendum,
401 1458 446 1495 ut
466 1454 615 1495 Graeci
647 1468 700 1496 ac
733 1455 914 1508 reliquae
951 1456 1139 1509 posthac
1179 1462 1332 1507 gentes
1368 1471 1579 1499 memores

136 1520 314 1562 ultionis
343 1519 455 1573 ejus,
489 1533 741 1574 moremque
770 1521 974 1563 humanae
1011 1522 1303 1563 conditionist
1344 1528 1581 1564 tuerentur.

138 1587 242 1628 Non
273 1588 387 1628 enim
418 1586 603 1627 Helenae
636 1599 782 1640 neque
814 1586 1041 1629 Menelaiu
1072 1588 1213 1641 gratia
1243 1591 1489 1630 exercitum
1519 1602 1583 1630 re-

135 1654 256 1695 lictis
277 1653 459 1695 sedibus
493 1654 773 1707 parvulisque
799 1655 955 1707 procul
991 1655 1046 1695 ab
1076 1655 1205 1696 domo
1237 1659 1463 1697 cruentum
1496 1668 1579 1696 suo

135 1720 377 1774 hostilique
403 1721 613 1774 sanguine
643 1721 755 1761 inter
789 1721 890 1774 ipsa
922 1722 1026 1762 belli
1057 1721 1315 1763 discrimina
1333 1722 1584 1776 hujusmodi

136 1786 341 1828 militiam
371 1787 608 1829 tolerare:⁶
639 1787 716 1828 sed
747 1800 907 1841 cupere
928 1788 1170 1837 dinoscere,
1190 1789 1435 1838 barbarine‚
1458 1789 1583 1830 Grae-

139 1855 235 1896 cine
256 1867 425 1895 summa
452 1867 592 1895 rerum
626 1854 894 1906 potirentur:
926 1868 1178 1908 quanquam
1202 1854 1372 1908 justam
1403 1868 1584 1896 causam

138 1920 276 1962 fuisse
306 1920 517 1962 inferendi
547 1920 665 1971 belli,
688 1920 824 1961 etiam
844 1933 924 1975 pro
946 1922 1152 1963 muliere:
1183 1934 1370 1975 namque
1399 1922 1466 1963 uti
1496 1923 1583 1976 ipsi

182 2045 196 2059 ‘²
210 2039 346 2071 Achilles
360 2039 405 2070 ait
423 2039 596 2079 oportuisse
612 2049 680 2071 eum
696 2040 787 2070 initio
799 2044 888 2072 natos
902 2051 972 2072 suos
985 2042 1122 2073 co'e'rcere
1137 2052 1155 2073 a
1170 2042 1282 2073 scelere
1297 2043 1377 2082 quod
1391 2045 1584 2083 perpetrave-

139 2082 218 2121 rint,
240 2092 334 2122 neque
350 2091 417 2112 eum
433 2083 563 2113 cedendo
579 2083 660 2113 tanti
668 2083 822 2121 facinoris
837 2084 989 2114 conscium
994 2085 1083 2125 fieri.

183 2123 197 2144 ¹²
223 2124 329 2164 Neque
344 2124 424 2155 enim
439 2128 564 2164 propter
582 2125 734 2156 Helenam
759 2125 824 2156 sive
846 2126 1022 2157 Menelaum
1037 2125 1207 2157 exercitum
1235 2126 1328 2156 talem
1351 2125 1495 2157 militiam
1517 2135 1588 2166 per-

134 2166 234 2205 ferre,
249 2166 334 2197 iuter
358 2166 425 2206 ipsa
440 2176 617 2206 pugnarum
632 2167 782 2208 pericula,
798 2168 908 2199 relicta
921 2170 1027 2209 putria
1042 2169 1193 2208 natisque,
1210 2168 1299 2208 long-e
1319 2179 1338 2199 ιι
1352 2170 1450 2209 domo,
1464 2170 1588 2199 madeu-

141 2213 202 2240 tem
216 2218 268 2239 suo
283 2212 314 2240 et
328 2208 453 2240 inimico
468 2210 629 2248 sanguine.

742 2261 983 2274 eeeeeeeeeeee

144 2314 279 2344 Nestore
308 2313 340 2344 in
368 2313 555 2354 Delph.—5
581 2315 705 2356 Delph.
721 2318 920 2352 revolvit.-†
948 2316 1172 2355 Delph.justa
1188 2315 1322 2346 mis.—-6
1344 2314 1470 2354 Delph.
1486 2324 1526 2345 an
1542 2325 1589 2345 so-

143 2356 250 2388 lumin
261 2357 499 2388 Priamum—7
515 2357 657 2389 Omittit
677 2359 798 2400 Delph.
813 2363 954 2391 essa—8
969 2358 1367 2400 De1p11.illudeudum.—9
1380 2357 1592 2399 Delph.filii.

798 2443 938 2475 NOTAE

186 2507 198 2523 Υ
219 2503 271 2535 Αη
285 2505 381 2535 solum
394 2503 427 2535 in
439 2504 603 2535 Priamum
619 2505 843 2536 circumscribi-
937 2510 948 2525 ⁵
966 2504 1103 2544 Raptum
1118 2503 1180 2543 res]
1204 2502 1299 2543 Opes
1315 2501 1390 2532 illas
1405 2505 1440 2532 et
1455 2501 1592 2535 divitias

143 2552 212 2593 tur]
236 2553 335 2585 Quod
352 2553 527 2584 Terentius
544 2554 644 2593 dixit,
660 2555 784 2594 claudi,
803 2556 841 2586 il-
896 2555 1060 2595 intellige,
1091 2563 1174 2595 quas
1205 2563 1281 2584 cum
1316 2551 1448 2583 Helena
1480 2554 1594 2594 rapuit

145 2602 202 2633 lud
215 2603 607 2644 Dictys‚circumscribi‚
619 2603 651 2634 id
663 2608 727 2643 est,
737 2603 840 2635 finiri:
896 2604 1008 2636 Paris.

145 2653 195 2683 ita
209 2653 294 2683 enim
310 2653 552 2693 intelligendus
569 2655 661 2685 locus
677 2654 735 2685 ille
752 2653 842 2694 apud
953 2656 963 2673 ²
1000 2654 1180 2692 Moremque
1215 2653 1356 2683 hunmnae
1392 2652 1592 2696 conditionis]

145 2702 224 2733 Ter.
240 2703 326 2735 Eun.
339 2712 362 2735 ι.
378 2706 409 2735 2.
434 2706 443 2721 ‘
460 2704 560 2736 Nunc
577 2704 634 2735 ubi
650 2714 759 2735 meam
776 2705 843 2735 Be·
898 2703 1045 2734 Omnino
1061 2703 1239 2742 legendum
1256 2703 1265 2719 ‘
1278 2701 1477 2742 modumque
1489 2702 1509 2741 ;’
1537 2713 1594 2734 ne·

148 2752 348 2790 nignitatem
380 2755 514 2786 sensisti
544 2756 576 2786 in
608 2760 642 2787 te
672 2755 843 2787 claudierl
898 2762 963 2793 que
982 2753 1068 2783 enim
1086 2752 1118 2782 id
1136 2761 1205 2782 mos
1220 2751 1376 2782 humanae
1391 2751 1595 2785 conditionis

149 2800 217 2831 Ubi
234 2803 319 2834 male
337 2804 601 2843 elegantissimus
618 2805 776 2836 Muretus
793 2814 842 2836 re-
897 2804 963 2836 «lici
980 2810 1104 2844 potest,
1120 2803 1178 2835 sed
1196 2802 1322 2834 modus.

152 2851 334 2888 scribebat,
355 2855 364 2870 ‘
378 2854 526 2886 calvierl
547 2855 568 2887 i.
586 2865 617 2886 e.
634 2855 759 2896 decipi.
942 2859 955 2874 ¹¹
980 2854 1051 2884 Non
1075 2853 1155 2885 enim
1178 2852 1308 2884 Helenae
1330 2862 1425 2893 neque
1441 2852 1595 2896 Menelai]
