1915 3231
366 602 903 678 DICTYOS
983 599 1675 679 CRETENSIS

636 783 736 831 DE
788 783 1021 831 BELLO
1067 781 1407 831 TROJANO

869 956 1063 996 LIBER
1114 957 1175 997 Il.

297 1261 590 1326 POSTQUAM
632 1276 688 1318 ad
725 1275 973 1317 Moesorum
993 1280 1003 1297 ¹
1054 1275 1269 1327 regionem
1288 1281 1303 1296 ²²
1356 1275 1585 1317 universas
1631 1275 1743 1317 clas-

298 1357 369 1384 ses
409 1345 531 1385 venti
562 1344 784 1397 appulere,
830 1354 1018 1395 propere
1051 1354 1221 1391 omnes,
1261 1343 1384 1394 signo
1435 1342 1555 1392 dato,
1603 1356 1742 1384 naves

295 1409 430 1452 littori
452 1411 724 1452 admovent.²
784 1409 900 1450 Dein
931 1409 1077 1462 egredi
1109 1409 1405 1462 cupientibus,
1428 1423 1455 1450 a.
1485 1411 1743 1452 custodibus

295 1477 385 1519 loci
405 1477 501 1531 ejus
521 1478 699 1519 obviam
719 1478 827 1518 itum
849 1481 942 1517 est:
979 1489 1056 1516 eos
1087 1489 1273 1530 namque
1292 1476 1535 1529 Telephus,
1555 1478 1630 1531 qui
1651 1484 1743 1519 turn

297 1544 477 1586 Moesiae
499 1546 734 1597 imperator
754 1547 860 1592 erat,
882 1556 971 1596 quo
994 1542 1132 1583 omnis
1154 1543 1273 1595 regio
1301 1545 1358 1584 ab
1380 1545 1630 1585 incursione
1649 1559 1743 1586 ma-

295 1611 536 1652 ritimorum
559 1611 751 1651 hostium
774 1610 1086 1660 defensaretur,
1103 1610 1240 1650 littori
1276 1611 1544 1664 praefecerat.
1604 1611 1742 1665 Igitur

295 1678 373 1718 ubi
395 1677 662 1718 descendere
686 1677 978 1731 prohibentur,
996 1689 1136 1730 neque
1159 1678 1280 1729 prius
1297 1678 1560 1731 permittitur
1588 1682 1741 1719 terram

295 1744 502 1796 attingere
535 1757 665 1797 quam
701 1744 807 1796 regi,
841 1745 1021 1798 quinam
1053 1749 1217 1793 essent,
1246 1743 1572 1796 nuntiaretur3b
1600 1746 1741 1786 nostri

294 1811 435 1863 primo
458 1824 555 1864 quae
578 1812 831 1852 dicebantur
851 1811 1080 1863 negligere,
1115 1815 1159 1850 et
1192 1811 1348 1862 singuli
1368 1811 1554 1852 navibus
1581 1811 1739 1865 egredi.

297 1876 410 1917 Dein
432 1883 667 1930 postquam
690 1890 717 1918 a
735 1877 996 1918 custodibus
1017 1877 1121 1917 nihil
1153 1878 1462 1927 remittebatur,
1499 1881 1543 1919 et
1569 1890 1739 1920 summa

338 2074 352 2102 1
383 2071 507 2113 Delph.
525 2072 785 2103 mmmmm—2
810 2072 934 2113 Delph.
961 2074 1237 2103 admoverunt.-3
1263 2072 1513 2112 Delph.ac.—4
1537 2071 1737 2113 Delph.ma-

944 2166 975 2197 N
980 2166 1086 2199 OTAE

335 2236 349 2250 2
372 2230 423 2261 Ad
449 2230 629 2261 Moesiorum
652 2230 825 2270 regionem]
860 2231 987 2271 Perpe-

292 2289 360 2310 ram
388 2280 542 2311 Moesiam
564 2286 600 2311 et
616 2280 760 2320 Mysiam
777 2280 988 2320 distinguunt

293 2332 354 2362 viri
379 2331 487 2369 docti,
506 2332 552 2362 ita
576 2336 614 2362 ut
636 2333 692 2363 illa
715 2333 894 2373 Enropaea,
916 2333 986 2364 haec

293 2382 445 2413 Asiatica
462 2382 516 2412 sit.
555 2382 642 2413 Nam
660 2386 802 2423 utraque
819 2392 898 2413 vere
915 2383 989 2423 My-

292 2431 341 2462 sia
369 2433 474 2471 dicta,
504 2431 619 2470 Μυσία,
650 2438 769 2472 postea
794 2433 925 2473 Moesia,
952 2438 987 2464 et

289 2482 364 2521 ipsa
390 2482 500 2523 Mysia
525 2481 677 2512 Asiatica
699 2481 742 2513 ab
758 2482 866 2513 altera
881 2483 985 2513 Euro-

292 2540 379 2571 paea,
396 2532 467 2562 sive
482 2531 641 2570 Thracia,
656 2536 731 2563 orta
745 2538 807 2562 est.
841 2532 892 2562 De
909 2531 985 2572 My-

291 2582 340 2612 sia
368 2586 480 2612 autem
506 2580 659 2612 Asiatica
674 2581 726 2611 hic
745 2581 891 2621 loquitur
906 2581 985 2612 Dic-

290 2634 357 2670 tys,
371 2640 446 2670 quae
463 2631 552 2662 circa
567 2630 704 2661 Caicum
722 2635 757 2661 et
774 2630 988 2670 Pergamum,

291 2679 347 2710 ubi
358 2680 580 2711 Teuthrania:
592 2690 666 2711 nam
677 2680 985 2721 'Peuthras,Mysiae

290 2731 560 2771 rex,Te1ephum
581 2731 741 2762 Herculis
764 2736 801 2762 et
817 2731 931 2772 Auges
948 2731 985 2762 fi-

290 2779 371 2810 lium
400 2781 589 2819 adoptavit,
613 2781 713 2821 eique
740 2790 879 2821 regnum
907 2781 984 2812 reli-

291 2828 375 2869 quit.
422 2830 582 2862 Ceterum
611 2831 698 2862 hune
727 2830 930 2872 Argivorum
950 2831 983 2863 in

1041 2230 1184 2269 Mysiam
1203 2230 1393 2269 appulsum,
1404 2229 1517 2271 ibique
1530 2229 1736 2264 debellatam

1043 2289 1187 2319 pugnam
1215 2289 1290 2309 cum
1315 2280 1481 2319 Telepho,
1507 2279 1582 2311 fuse
1608 2282 1737 2313 descri-

1042 2330 1127 2361 bunt
1155 2331 1298 2360 Tzetzes
1337 2330 1369 2359 in
1401 2330 1674 2372 Lycophronem‚
1701 2335 1738 2363 et

1043 2380 1200 2410 Eustatli.
1219 2379 1316 2410 Iliad.
1334 2383 1357 2410 1.

1082 2429 1096 2450 ¹³
1122 2430 1225 2465 Quam
1248 2429 1329 2468 regi,
1353 2430 1477 2470 quinam
1493 2434 1594 2462 essent
1608 2431 1734 2463 nuncia-

1038 2479 1140 2520 retur]
1180 2479 1234 2509 De
1262 2488 1353 2510 more
1385 2479 1538 2510 scilicet:
1563 2479 1612 2511 sic
1643 2481 1734 2521 apud

1038 2529 1158 2569 virgil.
1190 2529 1303 2560 Pallas
1321 2528 1459 2560 AEneam
1475 2528 1582 2560 littori
1598 2539 1659 2562 suo
1673 2540 1732 2571 ap-

1039 2581 1169 2620 pulsum
1180 2580 1382 2621 alloquitur:
1402 2579 1412 2597 ⁴
1425 2579 1493 2612 Qui
1505 2588 1626 2620 genus,
1639 2581 1731 2612 unde

1036 2632 1158 2663 domo?
1175 2641 1336 2673 pacemne
1353 2632 1417 2663 huc
1430 2630 1541 2672 fertis,
1550 2640 1591 2663 an
1605 2641 1698 2664 arma
1708 2632 1731 2664 ,θ’

1037 2682 1139 2714 Hunc
1157 2692 1270 2713 rursus
1278 2682 1398 2713 AEneas
1412 2692 1420 2713 ε
1443 2682 1452 2699 ‘
1467 2681 1660 2714 Evandrum
1674 2693 1730 2724 pe-

1037 2732 1161 2770 timus3
1192 2731 1281 2763 ferte
1310 2732 1396 2769 haec,
1426 2735 1461 2762 et
1487 2731 1592 2763 dicite
1622 2733 1730 2765 lectos

1041 2781 1224 2812 Dardaniae
1243 2781 1372 2812 venisse
1390 2782 1504 2817 duces,
1525 2782 1616 2814 socia
1639 2793 1731 2815 arma

1036 2831 1220 2872 rogantes!
