1915 3231
327 311 382 351 16
915 320 1187 351 PRAEFATto.

329 414 584 455 Phoeniceis
625 414 796 456 literis:
839 428 938 467 quae
969 415 1060 468 jam
1094 428 1295 456 reversus
1334 415 1479 456 senior
1509 415 1551 455 in
1585 414 1777 466 Cretam,

327 482 537 536 praecepit
574 482 762 522 moriens
802 487 849 522 ut
891 495 1038 522 secum
1078 482 1380 535 sepelirentur.
1441 482 1596 535 Itaque
1628 488 1677 523 ut
1706 484 1778 524 illc

322 549 536 602 jusserat,
556 553 821 590 memoratas
842 549 977 598 tilias,
991 550 1036 589 in
1051 553 1232 590 stannea
1253 549 1402 589 arcula
1425 549 1657 601 repositas,
1679 550 1777 603 ejus

327 617 494 657 tumulo
515 616 814 657 condiderunt.
876 615 1037 656 Verum
1060 617 1225 656 secutis
1256 615 1544 668 temporibus,
1573 615 1779 656 tertiode—

327 684 443 723 cimo
478 696 592 724 auno
616 683 813 724 Neronis
840 682 1030 735 imperii,
1048 682 1093 722 in
1114 682 1273 723 Gnoso
1296 682 1474 723 civitate
1501 686 1777 723 terraemotus

326 751 448 798 facti,
469 763 566 790 cum
588 750 739 800 multa,
761 755 855 790 tum
885 751 1016 790 etiam
1045 750 1291 802 sepulcrum
1320 749 1481 802 Dictys
1515 749 1578 789 ita
1612 749 1780 802 patefe-

327 821 491 866 cerunt,
513 821 558 857 ut
593 830 621 858 a
646 817 970 857 transeuntibus
992 817 1144 857 arcula
1172 816 1403 857 viseretur.
1463 816 1676 856 Pastores
1697 816 1781 857 ita-

327 897 412 937 que
447 888 768 936 praetereuntes
797 895 897 923 cum
917 882 1031 923 hanc
1067 882 1298 932 vidissent,
1320 883 1570 923 thesaurum
1591 883 1693 932 rati,
1715 897 1781 924 se-

326 951 482 1004 pulcro
512 950 811 990 abstulerunt:
843 954 888 990 et
918 954 1072 1002 aperta
1103 963 1159 990 ea
1191 950 1450 990 invenerunt
1476 950 1595 990 tilias
1629 950 1780 1002 incog-

326 1017 433 1057 nitis
455 1016 543 1056 sibi
563 1016 705 1056 literis
729 1016 1038 1070 conscriptas:
1070 1017 1373 1069 continuoque
1407 1016 1464 1057 ad
1496 1029 1621 1057 suum
1642 1017 1783 1058 domi-

325 1097 425 1124 num
440 1082 744 1136 Eupraxidem
766 1083 986 1136 quendam
1007 1083 1181 1123 nomine
1198 1083 1498 1136 pertulerunt:
1520 1083 1595 1136 qui
1609 1084 1782 1137 agnitas

326 1163 526 1203 quaenam
572 1153 720 1191 essent
760 1150 909 1190 literas
950 1149 1125 1190 Rutilio
1159 1148 1279 1189 Rufo
1313 1149 1433 1189 illius
1471 1149 1627 1191 insulae
1674 1155 1781 1192 tunc

327 1216 587 1257 Consularig
620 1216 794 1257 obtulit.
854 1215 935 1256 [lle
962 1228 1061 1256 cum
1091 1215 1350 1268 Eupraxide
1378 1215 1433 1256 ad
1458 1216 1679 1257 Neronem
1701 1218 1780 1258 ol)-

324 1283 415 1324 lata
448 1283 535 1324 sibi
571 1283 823 1332 transmisit,
845 1282 1109 1323 existimans
1145 1282 1191 1322 in
1222 1282 1288 1322 his
1321 1282 1522 1334 quaedam
1543 1284 1783 1325 secretiora

327 1351 558 1391 contineri.
622 1350 740 1391 Haec
775 1355 922 1391 autem
962 1363 1063 1390 cum
1094 1350 1221 1390 Nero
1259 1349 1526 1402 accepisset,
1567 1350 1782 1392 advertis-

326 1423 485 1471 setque
508 1418 701 1459 Punicas
722 1430 823 1458 esse
844 1419 1009 1467 literas,
1030 1418 1180 1458 harum
1214 1417 1387 1470 peritos
1412 1416 1468 1457 ad
1503 1430 1552 1458 se
1581 1418 1781 1460 vocavit:

326 1485 402 1538 qui
424 1498 523 1525 cum
541 1484 780 1535 venissent,
793 1486 1068 1538 interpretati
1090 1490 1188 1526 sunt
1209 1484 1374 1525 omnia.
1434 1483 1636 1538 Cumque
1658 1484 1782 1527 Nero

325 1551 625 1603 cognovisset,
648 1552 821 1605 antiqui
843 1552 942 1600 viri,
964 1553 1042 1605 qui
1075 1551 1193 1604 apud
1230 1551 1363 1591 Ilium
1384 1550 1543 1600 fuerat,
1563 1551 1662 1593 haec
1683 1565 1782 1593 esse

326 1622 621 1667 monumenta,
635 1617 772 1671 jussit
806 1618 851 1659 in
872 1617 1082 1659 Graecum
1117 1630 1366 1658 sermonem
1394 1618 1480 1658 ista
1501 1618 1784 1661 transferri:h

325 1745 470 1776 eundem
496 1755 672 1777 numerum
699 1756 866 1783 servasse,
890 1751 926 1778 et
946 1748 1027 1778 resi-

325 1795 391 1826 dua
408 1801 553 1836 quatuor
569 1797 612 1828 de
631 1797 742 1828 reditu
765 1798 965 1829 Graecorum
992 1798 1026 1828 in

326 1855 428 1876 unum
442 1846 627 1888 redegisse.
671 1847 741 1879 Ubi
752 1848 835 1879 ·vide
849 1858 923 1889 quae
935 1849 1029 1880 dicta

325 1901 415 1927 sunt.

367 1944 378 1965 f
400 1947 440 1977 In
464 1947 552 1977 tilius
577 1947 724 1988 digessit]
749 1947 894 1988 Antiqui
917 1957 959 1978 ex
975 1956 1028 1978 ar-

324 1996 476 2035 boribus,
494 1999 684 2036 praesertim
702 2008 720 2028 e
737 1999 811 2029 tilia
827 1999 962 2036 arbore,
979 2002 1027 2029 ta·

324 2045 431 2076 bellas
460 2047 701 2085 conficiebant,
729 2048 849 2088 quibus
878 2057 957 2078 cera
973 2058 1026 2078 su-

325 2095 538 2135 perinductis
551 2097 597 2127 ita
610 2098 699 2137 stylo
710 2103 809 2128 acuto
819 2096 1025 2127 scribebant.

326 2145 372 2176 Et
388 2146 477 2185 quod
493 2146 547 2176 hic
565 2147 654 2177 tilias
668 2152 768 2178 vocat
785 2152 915 2186 auctor,
939 2145 1027 2177 infra

323 2194 510 2234 Septimius
528 2196 698 2227 Romanus
715 2197 748 2227 in
770 2197 914 2236 epistola
931 2200 1030 2226 vocat

325 2243 487 2282 pliyliras‚
504 2245 582 2285 quia
601 2246 672 2276 tilia
692 2246 723 2276 in
737 2246 950 2277 tenuissimas
960 2245 1029 2285 pbi-

324 2293 414 2332 lyras
443 2303 504 2324 acu
531 2295 765 2334 separabatur,
787 2300 824 2326 ut
840 2296 881 2325 de
899 2305 1028 2336 papyro

325 2342 447 2374 scribit
478 2343 570 2373 Plin.
612 2347 621 2360 ‘
640 2345 887 2385 Praeparantur
916 2355 958 2376 ex
988 2355 1029 2376 eo

325 2393 449 2423 chartae
466 2392 572 2423 diviso
589 2393 620 2424 in
639 2399 830 2433 pra-tenues
846 2394 904 2425 sed
927 2404 1027 2435 quam

324 2442 504 2472 latissimas
522 2443 697 2484 philyras.’
742 2444 828 2474 Inde
853 2445 886 2475 in
913 2444 1026 2476 Gloss.

322 2495 332 2510 ⁴
347 2493 431 2532 titia,
441 2493 581 2532 φίλυρα.’
608 2494 653 2524 Et
665 2499 759 2524 vetus
772 2493 909 2524 Horatii
923 2495 1027 2524 inter-

325 2552 417 2582 pres,
444 2544 454 2559 ‘
468 2542 600 2584 philyra.
616 2547 667 2574 est
686 2548 805 2574 cortex
823 2543 905 2574 tiliae
928 2543 1028 2574 arbo-

326 2593 394 2623 rls.'

369 2647 384 2669 g
402 2643 524 2673 Rutilio
543 2643 626 2680 Rufo
642 2643 726 2674 illius
737 2644 847 2674 insula>
860 2647 934 2675 tunc
948 2644 1030 2674 Con-

324 2691 509 2730 sulari]1ta
535 2693 610 2723 libri
635 2694 771 2733 scripti,
795 2703 861 2724 non
887 2694 1029 2734 praesidi,

326 2739 415 2779 quod
447 2741 597 2781 imperiti
629 2749 844 2774 correctores
871 2744 1029 2783 vulgave-

326 2794 412 2820 rant.
436 2790 637 2821 Consulares
655 2793 768 2823 volunt
784 2794 816 2822 in
832 2792 1029 2833 quibusdam

328 2839 512 2878 provinciis
527 2840 702 2873 institutos
728 2843 768 2873 ab
792 2842 940 2873 Adriano
965 2842 1031 2873 Im-

1082 1751 1240 1787 peratore
1255 1758 1263 1785 3
1287 1747 1352 1779 hoc
1368 1751 1513 1784 certum,
1534 1746 1647 1786 plures
1661 1744 1785 1785 magis-

1082 1803 1192 1829 tratus
1217 1798 1281 1829 hoe
1305 1797 1439 1828 nomine
1457 1795 1640 1837 praefectos
1659 1805 1679 1826 a
1695 1795 1783 1826 Con-

1083 1848 1232 1879 stantino
1250 1848 1363 1888 parvis
1380 1852 1415 1878 et
1431 1848 1562 1887 pacatis
1579 1845 1786 1887 provinciis3

1084 1898 1116 1928 in
1144 1899 1183 1928 iis
1212 1899 1328 1929 Creta.
1377 1897 1512 1929 Notitia
1528 1896 1675 1936 imperii.
1697 1896 1786 1926 Mer-

1083 1959 1144 1979 cer.
1191 1949 1311 1990 Neque
1343 1957 1458 1978 verum
1488 1951 1542 1978 est
1567 1946 1608 1978 ab
1632 1945 1786 1976 Adriano

1084 2004 1214 2030 tantum
1245 2004 1279 2029 et
1306 2008 1325 2028 a
1351 1997 1576 2029 Constantino
1604 1995 1783 2026 institutos

1079 2049 1181 2080 fuisse.
1198 2049 1405 2086 consulares,
1421 2048 1478 2089 qui
1495 2056 1534 2078 eo
1550 2046 1684 2078 nomine
1708 2055 1785 2086 pro-

1081 2099 1206 2130 vincias
1232 2102 1403 2138 regerent,
1428 2096 1556 2137 quippe
1573 2096 1647 2126 haec
1662 2094 1786 2126 divisio

1079 2149 1345 2188 provinciarum,
1360 2148 1394 2178 in
1412 2147 1617 2178 Consulares
1640 2150 1675 2176 et
1701 2146 1785 2176 Pro-

1081 2199 1287 2235 consulares,
1315 2201 1394 2228 ante
1426 2197 1689 2227 Constantinum
1719 2195 1786 2226 fuit

1081 2248 1113 2278 in
1132 2257 1205 2286 usn,
1222 2252 1257 2277 et
1274 2247 1315 2277 ab
1342 2246 1416 2285 ipso
1440 2244 1595 2285 Augusto
1618 2245 1787 2283 instituta,

1083 2297 1140 2337 qni
1161 2298 1194 2328 in
1213 2295 1404 2336 provincias
1421 2304 1499 2325 suas
1519 2303 1601 2335 quas
1622 2295 1695 2335 ipse
1719 2294 1785 2325 sibi

1083 2345 1255 2376 retinebat
1285 2345 1482 2375 consulares
1519 2344 1691 2380 mittebat,
1728 2345 1786 2385 qui

1083 2396 1220 2436 proprie
1236 2394 1340 2433 legati
1360 2394 1553 2425 consulares
1574 2393 1786 2426 dicebantur.

1084 2446 1205 2486 Neque
1217 2451 1327 2476 tamen
1340 2445 1533 2476 consulares
1547 2444 1594 2475 illi
1604 2444 1687 2475 dicti
1697 2445 1784 2485 quod

1082 2495 1238 2526 consules
1249 2493 1412 2532 fuissent,
1424 2498 1461 2524 ut
1473 2494 1574 2533 vulgo
1587 2502 1785 2533 persuasum

1082 2549 1164 2583 est3
1188 2554 1264 2574 nam
1293 2553 1384 2584 saepe
1412 2543 1564 2573 invenias
1594 2545 1787 2574 consulares

1082 2594 1334 2635 provinciarum
1351 2593 1406 2634 qui
1434 2597 1511 2632 post
1532 2593 1787 2625 administratas

1084 2643 1277 2684 provincias
1295 2646 1363 2672 tum
1381 2642 1521 2681 primum
1546 2642 1707 2673 Consules
1726 2642 1786 2674 fie-

1084 2693 1176 2724 bant.
1219 2692 1286 2723 Sed
1324 2691 1411 2732 quod
1444 2701 1520 2721 cum
1551 2692 1787 2723 consularibus

1083 2742 1291 2773 ornamentis
1302 2740 1487 2781 Imperium
1498 2741 1787 2774 administrarent.

1084 2791 1173 2821 Vide
1190 2801 1263 2832 quae
1280 2791 1413 2823 notavit
1435 2789 1574 2820 Salmas.
1600 2791 1631 2821 in
1653 2790 1785 2822 Histor.

1086 2841 1229 2881 August.
