1915 3231
551 187 615 216 DE
647 186 805 216 annno
837 183 1062 214 TROJANO
1095 183 1189 213 [ΑΒ.
1222 184 1267 212 ν.
1542 170 1627 212 261

178 282 241 323 ibi
270 291 457 333 namque
496 279 539 319 ei
569 277 715 319 simile
751 290 850 319 cum
892 275 1053 317 ceteris
1082 275 1268 315 ducibus
1302 274 1393 328 jus,
1422 276 1626 329 regnique

179 347 364 389 eandem
404 348 667 399 potestatem
707 343 812 385 fore.
893 342 1220 396 Neoptolemus
1258 341 1375 382 filios
1417 341 1627 382 Hectoris

179 414 357 455 Heleno
388 411 646 454 concedit:r
677 416 891 464 praeterea
917 410 1076 463 reliqui
1106 409 1243 450 duces
1274 408 1367 448 auri
1398 411 1528 461 atque
1561 421 1629 448 ar-

178 481 293 533 genti
324 483 532 533 quantum
566 478 748 531 singulis
780 477 925 518 visum
962 481 1043 517 est.
1105 475 1219 516 Dein
1257 474 1444 515 consilio
1476 474 1628 516 habito

177 547 435 596 decernitur,
457 545 522 587 uti
545 558 625 598 per
645 544 838 586 triduum
857 544 988 585 funus
1010 542 1167 596 Ajacis
1188 542 1364 596 publice
1385 541 1631 595 suscipere-

177 617 259 654 tur.
310 613 468 667 ltaque
484 613 656 654 exactis
676 612 744 653 his
758 612 928 661 diebus,
943 610 1089 652 cuncti
1107 622 1230 663 reges
1247 621 1422 650 comam
1438 609 1630 649 tumulo⁷

176 679 273 733 ejus
294 680 552 733 deponunt.s
608 679 762 734 Atque
793 678 924 720 exin⁸
956 677 1234 720 contumeliis
1261 675 1632 728 Agamemnonem

175 745 467 799 fratremquet
496 759 639 798 agere,
676 758 840 800 eosque
872 758 959 786 non
978 743 1174 795 Atridas,
1205 744 1284 785 sed
1315 742 1631 793 Plisthenidas,

178 817 225 854 et
253 813 310 854 ob
341 813 388 853 id
419 813 669 866 ignobilesu
700 813 942 867 appellare.
1023 811 1174 863 Quare
1210 811 1370 860 coacti,
1401 809 1532 851 simul
1568 810 1633 851 uti

178 879 329 921 odium
361 881 432 921 sui
467 880 585 935 apud
616 881 862 923 exercitum
885 892 967 934 per
988 880 1231 921 absentiam
1252 878 1472 927 leniretur,
1507 882 1633 918 orant

176 946 244 988 uti
264 947 351 988 sibi
371 948 492 989 abire
514 962 539 990 e
560 951 800 1002 conspectu
815 960 964 988 eorum
987 947 1079 988 sine
1099 960 1221 988 noxa
1242 945 1506 988 concedant.
1539 944 1633 985 Ita-

179 1025 264 1066 que
285 1026 507 1056 consensu
528 1014 725 1056 omnium
746 1014 877 1068 primi
896 1013 1119 1067 navigant,
1135 1013 1354 1054 deturbati
1367 1012 1632 1066 expulsique

179 1080 267 1120 ab9
296 1080 501 1122 ducibus.
561 1081 767 1123 Ceterum
797 1080 953 1135 Ajacis
984 1081 1078 1130 filii,
1101 1080 1333 1121 AEantides
1355 1079 1531 1121 Glauca
1560 1092 1634 1130 ge-

178 1147 314 1197 nitus,
347 1151 479 1202 atque
520 1148 804 1203 Eurysacesv
854 1159 914 1188 ex
949 1147 1206 1197 Tecmessa,
1243 1146 1421 1188 Teucro
1466 1145 1633 1187 traditi.

791 1275 1031 1289 000000000000

180 1374 329 1406 inda—9
352 1374 477 1416 Delph.
495 1386 527 1414 a,
541 1379 578 1406 et
594 1385 673 1406 mox
691 1379 772 1406 ante
789 1374 980 1415 navigando,
1006 1378 1040 1406 et
1057 1378 1137 1406 ante
1157 1373 1262 1413 Trnja.

823 1491 965 1524 NOTAE

181 1582 228 1617 te,
246 1577 366 1608 AEneas
383 1576 469 1608 liber
491 1575 605 1608 factus
628 1575 882 1616 Macedoniam,

180 1632 218 1657 et
246 1626 324 1657 inde
355 1626 492 1657 Italiam
527 1625 642 1666 petiit.
685 1625 756 1658 Alii
784 1626 882 1658 aiunt

179 1675 333 1714 AEneam,
351 1675 450 1715 paulo
466 1679 647 1716 antequam
663 1675 765 1716 Troja
779 1685 881 1716 cape-

181 1731 289 1761 retur,
305 1726 338 1756 in
355 1725 451 1755 Idam
468 1729 616 1756 montem
628 1734 664 1755 se
675 1725 877 1764 contulisse;

935 1576 1207 1609 Andromacham
1238 1574 1435 1615 accepisse3
1473 1582 1550 1604 cnm
1583 1573 1638 1604 alii

934 1636 1052 1659 omnes
1087 1636 1154 1657 uno
1184 1635 1350 1657 consensu
1382 1624 1532 1659 tradant,
1562 1633 1637 1654 eam

934 1682 1013 1718 post
1028 1677 1151 1717 Pyrrhi
1164 1681 1307 1706 mortem
1325 1674 1461 1705 Heleno
1478 1673 1638 1705 cessisse.

976 1733 987 1748 ⁸
1012 1728 1140 1758 comam
1168 1724 1338 1767 deponunt]
1376 1725 1429 1756 De
1453 1734 1519 1765 quo
1544 1733 1636 1755 more

179 1774 378 1815 Sophocles,
390 1774 773 1814 inTragoedialaocoon,
790 1774 879 1806 refe·
924 1778 999 1818 jam
1017 1786 1132 1817 supra.

181 1829 277 1855 rente
302 1824 578 1862 Halicarnasseu,
603 1824 662 1855 lib.
688 1832 713 1856 ι.
740 1830 777 1857 et
802 1825 882 1857 inde

977 1829 987 1848 ⁸
1009 1827 1114 1867 Aeque
1141 1825 1216 1858 exin
1244 1823 1438 1856 contumeliis
1470 1822 1639 1861 Agamem-

180 1874 283 1905 tertio
308 1883 395 1904 anno
423 1879 501 1914 post
526 1872 661 1905 Italiam
689 1874 882 1915 navigasse.
934 1875 1262 1917 nonemjratremque]
1285 1875 1373 1905 Haec
1391 1873 1503 1904 omnia
1518 1878 1640 1903 contra

183 1924 252 1955 Alii
266 1933 383 1954 rursus
399 1923 566 1961 scribunt,
579 1923 720 1954 AEneam
743 1923 883 1954 mansis-

183 1983 220 2005 se
243 1975 278 2005 in
304 1972 468 2013 Phrygia,
494 1972 608 2014 ibique
632 1972 690 2003 diu
712 1982 884 2014 regnasse.

182 2023 252 2055 Alii
273 2023 411 2056 tandem
433 2023 549 2055 aliter.
593 2024 660 2055 Sed
687 2024 786 2055 nimis
812 2025 884 2056 lon·

184 2084 262 2115 gum
292 2078 386 2105 esset
413 2083 453 2105 ea
479 2074 593 2106 omnia
623 2074 679 2105 hic
711 2075 883 2115 inserere;

183 2132 288 2164 quare
302 2124 370 2162 adi,
386 2123 412 2154 si
428 2123 536 2158 lubet,
551 2123 764 2156 doctissimos
778 2126 885 2157 Mezi-

184 2173 267 2204 riaci
283 2174 557 2214 commentarios,
573 2174 608 2205 in
625 2174 737 2214 Epist.
754 2174 859 2207 Ovid.

226 2228 238 2244 ¹·
261 2223 363 2254 Filios
393 2224 543 2255 Hectoris
580 2224 703 2256 Heleno
731 2225 886 2266 concedit]

183 2273 250 2305 Sed
264 2274 338 2314 ipse
355 2274 605 2314 Neoptolemus
619 2274 791 2306 Helenum
807 2284 886 2316 cap-

183 2324 291 2355 tivum
314 2323 471 2363 abduxit,
490 2324 593 2366 eique
616 2330 736 2364 postea
752 2324 887 2356 Andro-

184 2375 326 2406 machen
376 2374 538 2406 Hectoris
585 2376 769 2410 concessit,
811 2384 887 2406 cum

186 2425 409 2456 Hermionem
438 2429 586 2464 peteret.
640 2425 724 2465 Ipsa
753 2424 887 2456 Andro-

185 2475 317 2510 macha,
331 2473 422 2515 apud
440 2473 537 2514 virg.
573 2475 583 2491 ‘
596 2474 663 2507 Qui
686 2474 812 2506 deinde
834 2484 886 2506 se-

183 2529 281 2556 cutus
299 2524 455 2556 Ledaeam
481 2524 701 2556 Hermionem
725 2524 887 2556 Lacedae-

185 2574 380 2615 moniosque
409 2574 614 2615 liymenaeoS,
641 2576 703 2608 Me
725 2573 886 2606 famulam

185 2622 378 2665 famuloque
393 2624 528 2655 Heleno
550 2625 736 2656 transmisit
760 2624 886 2656 haben·

187 2672 288 2704 dam.'
343 2673 488 2713 Virgilio
518 2675 691 2707 consentit
717 2675 886 2716 Justinus,

187 2723 244 2765 qui
262 2722 382 2755 scribit
398 2723 534 2756 vivente
557 2724 690 2764 Pyrrho
717 2725 885 2757 Helenum

937 1934 1091 1960 veterum
1117 1926 1324 1958 sententiam
1340 1928 1375 1955 et
1399 1923 1639 1955 auctoritatem

938 1978 1063 2019 Dictys
1087 1976 1242 2017 protulit.
1288 1973 1413 2005 Scribit
1439 1972 1544 2003 Hom.
1571 1971 1640 2002 Od.

937 2031 971 2059 Γ.
996 2031 1074 2068 post
1089 2031 1225 2068 captam
1239 2025 1376 2065 Trojam
1392 2023 1586 2054 Menelaum
1606 2026 1641 2053 et

938 2078 1229 2119 Agamemnonem
1251 2074 1365 2106 verbis
1387 2074 1478 2105 inter
1502 2082 1539 2103 se
1562 2081 1641 2103 con-

940 2127 1104 2166 tendisse,
1120 2135 1195 2158 eum
1212 2125 1268 2156 ille
1284 2124 1428 2156 Graecos
1440 2132 1555 2154 omnes
1567 2132 1641 2153 sese

939 2177 1146 2218 navigationi
1180 2176 1321 2216 juberet
1358 2174 1550 2214 accingere.
1586 2172 1641 2203 hic

940 2237 1021 2259 vero
1035 2237 1094 2258 eos
1111 2226 1220 2258 adhuc
1237 2225 1285 2257 ibi
1302 2224 1427 2256 morari
1442 2224 1640 2263 imperaret,

941 2286 1049 2318 usque
1065 2277 1144 2307 dum
1161 2276 1233 2316 ipse
1246 2273 1455 2306 hecatombis
1471 2273 1641 2304 Minervae

941 2326 1169 2358 sacrificasset
1183 2336 1192 2365 3
1209 2330 1244 2357 et
1256 2324 1430 2356 dimidiam
1441 2324 1642 2355 Graecorum

941 2381 1073 2418 partem
1089 2386 1164 2408 cnm
1186 2375 1345 2407 Menelao
1359 2374 1548 2413 navigasse,
1565 2373 1643 2404 reli-

942 2436 1041 2468 quam
1057 2436 1134 2458 cnm
1149 2425 1404 2466 Agamemnone
1418 2423 1535 2464 Trojae
1552 2432 1644 2454 man-

939 2478 1034 2509 sisse.
1078 2477 1186 2508 Plura
1200 2474 1277 2505 vide
1294 2473 1376 2505 ibid.

984 2532 998 2547 ¹¹
1021 2527 1066 2557 Et
1081 2525 1117 2556 ob
1131 2525 1164 2555 id
1182 2521 1349 2563 ignobiles]
1386 2521 1474 2553 Vide
1497 2530 1573 2563 qnae
1597 2520 1641 2551 de

939 2576 1116 2609 Plisthene
1129 2573 1280 2615 superius
1293 2572 1387 2603 dicta
1403 2575 1492 2602 sunt.

984 2630 998 2645 v
1024 2624 1168 2656 Ceterum
1191 2622 1300 2662 Ajacie
1315 2621 1384 2661 filii
1404 2620 1568 2651 AEantides
1592 2622 1641 2649 at-

940 2686 999 2716 que
1015 2673 1204 2716 Eurysaces]
1231 2673 1285 2704 De
1300 2670 1459 2703 AEautide
1476 2670 1588 2710 Ajacis
1602 2668 1640 2698 fi-

941 2726 986 2758 lio
1013 2725 1095 2757 nihil
1122 2724 1232 2756 adhuc
1259 2721 1348 2764 apud
1374 2721 1456 2753 alios
1480 2719 1644 2760 comperi.
