1915 3231
336 268 392 309 26
680 279 784 310 JAC.
819 279 1076 309 renizONn
1112 279 1442 310 msssslzTA‘rlo

336 379 347 395 ‘
369 374 562 428 quinque
591 374 637 415 in
657 387 794 415 unum
815 374 1064 427 redegisse'
1094 375 1173 424 ait,
1207 374 1252 415 id
1287 388 1393 416 vero
1424 374 1534 416 levis
1565 388 1618 417 ac
1643 377 1786 417 tenuis

336 446 405 483 est
430 441 750 495 discrepantiae,
773 455 873 483 cum
895 442 1130 483 facillimus
1152 447 1198 482 et
1223 442 1508 483 creberrimus
1529 442 1575 483 in
1598 444 1787 484 numeris

336 509 611 550 librariorum
651 509 710 550 sit
736 510 919 563 lapsus:
951 515 1001 550 ut
1028 509 1139 549 adeo
1171 521 1352 562 prorsus
1381 514 1548 563 putem,
1570 509 1644 550 vel
1665 509 1788 562 apud

338 575 523 617 Suidam
552 575 783 628 legendum
803 574 905 625 δέκα,
925 577 995 618 vel
1025 577 1174 629 potius
1196 576 1314 631 apud
1345 577 1625 630 Septimium,
1655 579 1667 597 ‘
1683 576 1789 618 resi-

338 642 426 684 dua
447 641 665 696 quatuor!

393 721 479 751 vn.
512 710 720 762 Denique
737 710 867 752 sicuti
890 715 1041 752 noster
1063 711 1225 765 Dictys
1243 711 1394 764 seipse
1412 710 1476 751 ait
1493 722 1537 751 v.
1559 711 1628 752 17.
1650 710 1791 764 scrip-

340 778 453 818 sisse
473 777 561 817 hoc
594 790 708 830 opus
742 778 905 819 ‘literis
936 779 1122 820 Punicis
1145 779 1200 819 ab
1237 778 1408 819 Cadmo
1438 778 1682 831 Danaoque
1705 781 1791 818 tra-

339 843 472 893 ditis:
504 844 568 885 sic
589 849 634 885 et
654 844 842 886 Graecus
863 845 1066 898 Scriptor
1095 846 1138 886 in
1170 845 1499 897 Prolegomenis
1522 844 1792 894 Rhetoricis,

340 910 501 951 citatus
524 912 580 952 ab
612 910 779 951 Ailatio
810 911 864 951 de
900 911 1054 953 Patria
1074 911 1145 952 59.
1204 911 1421 965 ‘Dictyn'
1457 910 1682 961 Graecum,
1711 923 1793 952 seu

341 980 355 998 ‘
369 977 623 1027 Gnossium‚
645 979 850 1018 comitem
872 977 1130 1027 Idomenei‚’
1166 978 1313 1027 tradit,
1333 976 1571 1032 συγγράψαι·
1595 979 1655 1018 τὸν
1678 983 1796 1033 Τρωϊ-

345 1044 406 1084 κὸν
427 1042 587 1096 πόλεμον
611 1043 787 1084 Φοινίκων
807 1044 1047 1098 γραμμάσιν,
1069 1042 1316 1093 οἷς”Ελληνες
1336 1043 1423 1085 τότε
1442 1045 1512 1084 ἀπὸ
1537 1044 1692 1096 Κάδμου
1716 1060 1795 1096 μα-

342 1110 460 1159 θόντες
483 1112 661 1167 ἐχρῶντο,
693 1115 706 1134 ‘
723 1112 959 1164 scripsisse
990 1112 1233 1165 Trojanum
1258 1112 1420 1152 bellurn
1449 1112 1590 1152 literis
1612 1111 1795 1152 Phoeni-

341 1191 458 1228 cum,
477 1179 638 1232 quibus
656 1178 803 1219 Graeci
821 1183 927 1219 tunc
949 1191 975 1219 a
993 1177 1164 1219 Cadmo
1187 1179 1389 1231 acceptis
1413 1175 1670 1220 utebantur.'
1728 1178 1796 1218 De

340 1245 408 1285 his
431 1245 568 1286 literis
591 1258 770 1298 agemus
791 1245 1014 1299 deinceps,
1027 1245 1207 1299 quando
1222 1245 1527 1299 probabimus,
1541 1244 1796 1298 neutiquam

342 1313 483 1354 fuisse
516 1321 740 1354 auctorem
775 1317 973 1353 nostrum
1000 1312 1206 1365 Trojanis
1241 1312 1517 1365 temporibus
1558 1311 1794 1365 aequalem,

342 1379 462 1433 quod
491 1392 584 1432 prae
615 1392 664 1420 se
701 1380 798 1419 fert.
859 1378 993 1420 Nunc
1027 1377 1186 1419 sufficit
1219 1383 1372 1419 nostro
1400 1379 1617 1428 instituto,
1649 1378 1796 1420 decla-

341 1462 464 1490 rasse
476 1450 608 1491 etiam
629 1449 783 1490 harum
799 1449 1022 1490 literarum
1041 1451 1309 1501 argumento,
1328 1448 1508 1501 Dictyn,
1526 1460 1615 1500 quo
1630 1445 1795 1496 Graeci,

344 1522 391 1558 et
413 1529 500 1570 quo
522 1516 763 1570 Septimius
784 1516 856 1556 hic
880 1519 949 1556 est
967 1529 1090 1564 uSUS,
1103 1515 1241 1556 fuisse
1259 1515 1462 1556 eundem.

402 1595 510 1625 vm.
544 1584 631 1624 Sed
654 1584 722 1624 vel
745 1583 935 1624 maxime
965 1583 1009 1623 id
1030 1583 1168 1636 liquet
1188 1595 1248 1623 ex
1276 1582 1385 1624 Joh.
1419 1581 1603 1631 Malela,
1628 1581 1666 1622 si
1694 1594 1794 1622 cum

344 1655 496 1691 nostro
520 1650 768 1691 conferatur
789 1650 1008 1703 Septimio
1037 1650 1084 1690 in
1112 1650 1186 1698 iis,
1209 1662 1308 1702 quae
1340 1661 1397 1689 ex
1430 1649 1593 1702 Dictye
1615 1661 1664 1689 se
1685 1648 1797 1689 hau-

346 1718 459 1758 sisse
480 1719 713 1771 profitetur.
773 1716 900 1758 Adeo
921 1718 1034 1757 enim
1056 1719 1305 1769 congruunt
1333 1715 1480 1765 isthic,
1512 1728 1598 1756 non
1629 1715 1675 1755 in
1707 1715 1798 1755 his-

345 1785 506 1825 toriam
539 1787 720 1834 tautum,
742 1784 821 1824 sed
851 1790 895 1825 et
924 1785 969 1824 in
1000 1783 1198 1824 ordinem
1228 1796 1366 1824 rerum
1398 1795 1451 1823 ac
1474 1783 1724 1830 verborum,
1746 1787 1798 1822 ut

349 1865 498 1893 caecus
521 1865 619 1892 esse
648 1851 807 1892 debeat
837 1857 916 1892 aut
947 1851 1210 1901 obstinatus,
1232 1851 1306 1905 qui
1334 1855 1480 1903 neget,
1502 1849 1628 1891 illum
1662 1849 1799 1889 habu-

346 1919 437 1958 isse
476 1922 686 1967 nostrum,
729 1918 810 1959 sed
847 1918 1055 1960 Graecum
1096 1924 1257 1968 tamen,
1290 1917 1454 1971 Dictyn
1490 1921 1593 1958 ante
1629 1915 1797 1956 oculos.

348 1986 603 2039 Specimina
625 1986 828 2039 quaedam
849 1986 1122 2039 proferemus
1146 1998 1266 2035 mOX,
1291 1991 1336 2026 ut
1355 1983 1659 2033 ostendamus,
1691 1983 1801 2036 Sep-

352 2054 524 2094 timium
545 2066 602 2093 ex
625 2052 783 2094 Graeco
806 2053 972 2105 Dictye
994 2053 1108 2093 hanc
1131 2052 1422 2093 concinnasse
1440 2050 1714 2091 Versionem.

408 2130 480 2160 lx.
513 2119 657 2160 Multa
680 2126 827 2160 tamen
849 2124 893 2159 et
924 2119 1013 2160 alia
1043 2119 1192 2168 habet,
1215 2131 1314 2171 quae
1336 2117 1452 2170 apud
1478 2116 1692 2157 Nostrum
1715 2128 1801 2157 nou

349 2191 619 2240 comparent,
640 2187 775 2226 multa
810 2186 943 2226 etiam
978 2186 1116 2226 aliter.
1177 2184 1347 2225 Prioris
1383 2183 1553 2236 generis
1578 2185 1680 2223 sunt
1700 2182 1804 2223 cha-

350 2258 545 2294 racteres
577 2257 619 2293 et
649 2252 963 2305 descriptiones
1007 2252 1264 2292 Graecorum
1295 2250 1677 2303 Trojanorumque
1709 2249 1803 2289 Du·

350 2333 451 2360 cum
473 2332 526 2360 ac
550 2318 867 2368 Matronarum‚
891 2331 1002 2371 quas
1039 2317 1248 2365 Malelas,
1283 2321 1324 2357 et
1356 2317 1515 2357 Isacus
1549 2315 1802 2368 Porphyro-

350 2387 521 2438 genitus
550 2386 712 2438 pariter
732 2398 789 2425 ex
812 2385 974 2438 Dictye
997 2385 1209 2425 sumsisse
1230 2397 1276 2424 se
1298 2383 1488 2431 tradunt,
1520 2382 1626 2423 licet
1646 2383 1733 2435 ipsi
1760 2383 1802 2422 in

351 2452 498 2492 verbis
529 2451 716 2492 multum
753 2464 931 2505 quoque
957 2452 1070 2491 inter
1100 2463 1147 2491 se
1181 2464 1300 2504 saepe
1332 2450 1510 2499 diversi,
1532 2454 1574 2490 et
1611 2461 1724 2501 quas
1759 2449 1802 2489 in

351 2524 507 2559 nostro
536 2518 695 2571 Dictye
714 2518 876 2558 frustra
897 2531 1066 2572 quaeras
1086 2532 1096 2558 :
1131 2531 1220 2570 quo
1243 2521 1498 2569 argumento
1520 2516 1664 2557 Janus
1686 2515 1802 2555 Rut-

354 2586 522 2638 gersius
543 2584 650 2625 Var.
684 2585 808 2626 Lect.
835 2597 875 2626 v,
908 2585 979 2626 20.
1012 2586 1088 2625 ubi
1124 2585 1244 2625 Isaci
1276 2584 1488 2636 Porphyr.
1512 2582 1802 2623 Characteres

354 2665 410 2692 ex
434 2652 556 2692 Msto
588 2650 1006 2693 Amstelaedamensi
1029 2653 1219 2701 exhibet,
1238 2664 1335 2691 cum
1358 2654 1508 2691 censet
1529 2652 1541 2671 ‘
1560 2654 1635 2690 aut
1653 2649 1802 2696 alium,

355 2732 489 2772 quam
520 2732 599 2759 nos
634 2719 864 2770 habemus,
895 2719 1102 2760 habuisse
1137 2719 1335 2771 Dictym,
1368 2722 1445 2758 aut
1474 2716 1681 2757 memoria
1711 2715 1803 2767 lap-
