<?xml version="1.0" encoding="UTF-8"?>
<!DOCTYPE html PUBLIC "-//W3C//DTD XHTML 1.0 Transitional//EN"
    "http://www.w3.org/TR/xhtml1/DTD/xhtml1-transitional.dtd">
<html xmlns="http://www.w3.org/1999/xhtml" xml:lang="en" lang="en">
 <head>
  <title>
</title>
<meta http-equiv="Content-Type" content="text/html;charset=utf-8" />
  <meta name='ocr-system' content='tesseract 3.04.00' />
  <meta name='ocr-capabilities' content='ocr_page ocr_carea ocr_par ocr_line ocrx_word'/>
</head>
<body>
  <div class='ocr_page' id='page_1' title='image "./dictyscretensise01dictuoft_0021.png"; bbox 0 0 1915 3231; ppageno 0'>
   <div class='ocr_carea' id='block_1_1' title="bbox 346 306 1561 351">
    <p class='ocr_par' dir='ltr' id='par_1_1' title="bbox 346 306 1561 351">
     <span class='ocr_line' id='line_1_1' title="bbox 346 306 1561 351; baseline -0.002 0"><span class='ocrx_word' id='word_1_1' title='bbox 346 318 574 351; x_wconf 85' lang='lat' dir='ltr'><strong>JOANNES</strong></span> <span class='ocrx_word' id='word_1_2' title='bbox 608 317 813 348; x_wconf 83' lang='lat' dir='ltr'><strong>VOSSIUS</strong></span> <span class='ocrx_word' id='word_1_3' title='bbox 849 317 911 346; x_wconf 86' lang='lat' dir='ltr'><strong>DE</strong></span> <span class='ocrx_word' id='word_1_4' title='bbox 946 317 1098 347; x_wconf 73' lang='lat' dir='ltr'><strong>chTY</strong></span> <span class='ocrx_word' id='word_1_5' title='bbox 1133 317 1324 347; x_wconf 79' lang='lat' dir='ltr'><strong>GRAEco.</strong></span> <span class='ocrx_word' id='word_1_6' title='bbox 1507 306 1561 348; x_wconf 77' lang='lat'><strong>13</strong></span> 
     </span>
    </p>
   </div>
   <div class='ocr_carea' id='block_1_2' title="bbox 104 409 1586 2542">
    <p class='ocr_par' dir='ltr' id='par_1_2' title="bbox 104 409 1565 723">
     <span class='ocr_line' id='line_1_2' title="bbox 163 409 1564 466; baseline -0.004 -10"><span class='ocrx_word' id='word_1_7' title='bbox 163 413 308 456; x_wconf 89' lang='lat' dir='ltr'><strong>Etiam</strong></span> <span class='ocrx_word' id='word_1_8' title='bbox 337 412 499 466; x_wconf 87' lang='lat' dir='ltr'><strong>Dictys</strong></span> <span class='ocrx_word' id='word_1_9' title='bbox 534 410 757 453; x_wconf 86' lang='lat' dir='ltr'>Cretensis</span> <span class='ocrx_word' id='word_1_10' title='bbox 780 409 901 450; x_wconf 91' lang='lat' dir='ltr'><strong>bello</strong></span> <span class='ocrx_word' id='word_1_11' title='bbox 927 409 1123 464; x_wconf 86' lang='lat' dir='ltr'><strong>Trojano</strong></span> <span class='ocrx_word' id='word_1_12' title='bbox 1146 409 1386 451; x_wconf 84' lang='lat' dir='ltr'><strong>Idomenea</strong></span> <span class='ocrx_word' id='word_1_13' title='bbox 1407 423 1564 463; x_wconf 90' lang='lat' dir='ltr'><strong>seque-</strong></span> 
     </span>
     <span class='ocr_line' id='line_1_3' title="bbox 104 476 1565 534; baseline -0.003 -11"><span class='ocrx_word' id='word_1_14' title='bbox 104 483 246 530; x_wconf 83' lang='lat' dir='ltr'>batur,</span> <span class='ocrx_word' id='word_1_15' title='bbox 264 494 316 522; x_wconf 87' lang='lat' dir='ltr'><strong>ac</strong></span> <span class='ocrx_word' id='word_1_16' title='bbox 332 483 492 534; x_wconf 85' lang='lat' dir='ltr'><strong>praeter</strong></span> <span class='ocrx_word' id='word_1_17' title='bbox 513 478 690 528; x_wconf 85' lang='lat' dir='ltr'><strong>Italica,</strong></span> <span class='ocrx_word' id='word_1_18' title='bbox 708 476 845 518; x_wconf 84' lang='lat' dir='ltr'><strong>Suida</strong></span> <span class='ocrx_word' id='word_1_19' title='bbox 862 481 994 527; x_wconf 89' lang='lat' dir='ltr'><strong>teste,</strong></span> <span class='ocrx_word' id='word_1_20' title='bbox 1015 477 1140 518; x_wconf 87' lang='lat' dir='ltr'><strong>libris</strong></span> <span class='ocrx_word' id='word_1_21' title='bbox 1156 490 1312 518; x_wconf 87' lang='lat' dir='ltr'><strong>novem</strong></span> <span class='ocrx_word' id='word_1_22' title='bbox 1335 478 1565 529; x_wconf 83' lang='lat' dir='ltr'><strong>consigna-</strong></span> 
     </span>
     <span class='ocr_line' id='line_1_4' title="bbox 106 543 1564 600; baseline -0.005 -10"><span class='ocrx_word' id='word_1_23' title='bbox 106 551 171 590; x_wconf 86' lang='lat' dir='ltr'><strong>vit</strong></span> <span class='ocrx_word' id='word_1_24' title='bbox 205 549 367 589; x_wconf 89' lang='lat' dir='ltr'><strong>bellum</strong></span> <span class='ocrx_word' id='word_1_25' title='bbox 402 546 671 600; x_wconf 89' lang='lat' dir='ltr'><strong>Trojanum:</strong></span> <span class='ocrx_word' id='word_1_26' title='bbox 723 544 951 585; x_wconf 87' lang='lat' dir='ltr'>Homerus</span> <span class='ocrx_word' id='word_1_27' title='bbox 986 547 1129 584; x_wconf 88' lang='lat' dir='ltr'><strong>autem</strong></span> <span class='ocrx_word' id='word_1_28' title='bbox 1155 557 1255 584; x_wconf 91' lang='lat' dir='ltr'><strong>eum</strong></span> <span class='ocrx_word' id='word_1_29' title='bbox 1287 544 1333 584; x_wconf 89' lang='lat' dir='ltr'><strong>in</strong></span> <span class='ocrx_word' id='word_1_30' title='bbox 1364 543 1564 597; x_wconf 68' lang='lat' dir='ltr'><strong>poemate</strong></span> 
     </span>
     <span class='ocr_line' id='line_1_5' title="bbox 107 610 1565 665; baseline -0.005 -9"><span class='ocrx_word' id='word_1_31' title='bbox 107 627 188 656; x_wconf 89' lang='lat' dir='ltr'><strong>suo</strong></span> <span class='ocrx_word' id='word_1_32' title='bbox 227 617 298 655; x_wconf 92' lang='lat' dir='ltr'><strong>est</strong></span> <span class='ocrx_word' id='word_1_33' title='bbox 330 616 533 654; x_wconf 88' lang='lat' dir='ltr'><strong>secutus:</strong></span> <span class='ocrx_word' id='word_1_34' title='bbox 576 615 623 654; x_wconf 93' lang='lat' dir='ltr'><strong>ut</strong></span> <span class='ocrx_word' id='word_1_35' title='bbox 644 611 821 665; x_wconf 91' lang='lat' dir='ltr'><strong>quidem</strong></span> <span class='ocrx_word' id='word_1_36' title='bbox 859 614 1014 652; x_wconf 83' lang='lat' dir='ltr'>auctor</span> <span class='ocrx_word' id='word_1_37' title='bbox 1041 616 1109 652; x_wconf 91' lang='lat' dir='ltr'><strong>est</strong></span> <span class='ocrx_word' id='word_1_38' title='bbox 1142 611 1346 661; x_wconf 84' lang='lat' dir='ltr'><strong>Tzetzes,</strong></span> <span class='ocrx_word' id='word_1_39' title='bbox 1380 610 1494 652; x_wconf 88' lang='lat' dir='ltr'><strong>Chil.</strong></span> <span class='ocrx_word' id='word_1_40' title='bbox 1519 621 1565 649; x_wconf 88' lang='lat' dir='ltr'><strong>v.</strong></span> 
     </span>
     <span class='ocr_line' id='line_1_6' title="bbox 109 681 325 723; baseline -0.009 0"><span class='ocrx_word' id='word_1_41' title='bbox 109 681 232 723; x_wconf 63' lang='lat' dir='ltr'><strong>Hist⁴</strong></span> <span class='ocrx_word' id='word_1_42' title='bbox 253 681 325 722; x_wconf 86' lang='lat'><strong>30.</strong></span> 
     </span>
    </p>

    <p class='ocr_par' dir='ltr' id='par_1_3' title="bbox 109 745 1586 2542">
     <span class='ocr_line' id='line_1_7' title="bbox 165 745 1567 801; baseline -0.001 -12"><span class='ocrx_word' id='word_1_43' title='bbox 165 749 303 790; x_wconf 91' lang='lat' dir='ltr'><strong>Porro</strong></span> <span class='ocrx_word' id='word_1_44' title='bbox 325 761 381 789; x_wconf 87' lang='lat' dir='ltr'><strong>ex</strong></span> <span class='ocrx_word' id='word_1_45' title='bbox 407 748 542 801; x_wconf 88' lang='lat' dir='ltr'><strong>Dicty</strong></span> <span class='ocrx_word' id='word_1_46' title='bbox 562 749 604 787; x_wconf 94' lang='lat' dir='ltr'><strong>et</strong></span> <span class='ocrx_word' id='word_1_47' title='bbox 632 746 794 787; x_wconf 89' lang='lat' dir='ltr'><strong>Darete</strong></span> <span class='ocrx_word' id='word_1_48' title='bbox 821 745 1093 799; x_wconf 89' lang='lat' dir='ltr'><strong>depromtum</strong></span> <span class='ocrx_word' id='word_1_49' title='bbox 1122 758 1220 786; x_wconf 89' lang='lat' dir='ltr'><strong>esse</strong></span> <span class='ocrx_word' id='word_1_50' title='bbox 1257 748 1404 786; x_wconf 85' lang='lat' dir='ltr'><strong>censet</strong></span> <span class='ocrx_word' id='word_1_51' title='bbox 1426 746 1567 787; x_wconf 88' lang='lat' dir='ltr'><strong>Scali-</strong></span> 
     </span>
     <span class='ocr_line' id='line_1_8' title="bbox 109 813 1570 870; baseline -0.001 -13"><span class='ocrx_word' id='word_1_52' title='bbox 109 829 196 870; x_wconf 82' lang='lat' dir='ltr'><strong>ger,</strong></span> <span class='ocrx_word' id='word_1_53' title='bbox 229 815 366 869; x_wconf 92' lang='lat' dir='ltr'><strong>quod,</strong></span> <span class='ocrx_word' id='word_1_54' title='bbox 409 819 561 856; x_wconf 88' lang='lat' dir='ltr'><strong>contra</strong></span> <span class='ocrx_word' id='word_1_55' title='bbox 593 813 781 854; x_wconf 87' lang='lat' dir='ltr'>Homeri</span> <span class='ocrx_word' id='word_1_56' title='bbox 815 817 859 855; x_wconf 90' lang='lat' dir='ltr'><strong>et</strong></span> <span class='ocrx_word' id='word_1_57' title='bbox 890 814 1077 854; x_wconf 90' lang='lat' dir='ltr'><strong>aliorum</strong></span> <span class='ocrx_word' id='word_1_58' title='bbox 1109 814 1434 864; x_wconf 87' lang='lat' dir='ltr'><strong>auctoritatem,</strong></span> <span class='ocrx_word' id='word_1_59' title='bbox 1469 828 1570 867; x_wconf 91' lang='lat' dir='ltr'><strong>per-</strong></span> 
     </span>
     <span class='ocr_line' id='line_1_9' title="bbox 109 880 1571 936; baseline -0.002 -11"><span class='ocrx_word' id='word_1_60' title='bbox 109 884 323 936; x_wconf 87' lang='lat' dir='ltr'><strong>scriptum</strong></span> <span class='ocrx_word' id='word_1_61' title='bbox 347 887 413 923; x_wconf 90' lang='lat' dir='ltr'><strong>est</strong></span> <span class='ocrx_word' id='word_1_62' title='bbox 433 882 477 922; x_wconf 90' lang='lat' dir='ltr'><strong>in</strong></span> <span class='ocrx_word' id='word_1_63' title='bbox 499 881 722 922; x_wconf 90' lang='lat' dir='ltr'><strong>Chronico</strong></span> <span class='ocrx_word' id='word_1_64' title='bbox 744 880 927 921; x_wconf 89' lang='lat' dir='ltr'><strong>Eusebii</strong></span> <span class='ocrx_word' id='word_1_65' title='bbox 948 881 1005 921; x_wconf 92' lang='lat' dir='ltr'><strong>ad</strong></span> <span class='ocrx_word' id='word_1_66' title='bbox 1027 893 1095 921; x_wconf 91' lang='lat' dir='ltr'><strong>an.</strong></span> <span class='ocrx_word' id='word_1_67' title='bbox 1120 891 1387 922; x_wconf 65' lang='lat' dir='ltr'><strong>iocccnxu.</strong></span> <span class='ocrx_word' id='word_1_68' title='bbox 1448 880 1571 922; x_wconf 83' lang='lat' dir='ltr'><strong>Hec-</strong></span> 
     </span>
     <span class='ocr_line' id='line_1_10' title="bbox 109 947 1569 1002; baseline -0.003 -10"><span class='ocrx_word' id='word_1_69' title='bbox 109 951 217 992; x_wconf 86' lang='lat' dir='ltr'><strong>toris</strong></span> <span class='ocrx_word' id='word_1_70' title='bbox 251 949 370 991; x_wconf 92' lang='lat' dir='ltr'><strong>filios</strong></span> <span class='ocrx_word' id='word_1_71' title='bbox 406 949 539 989; x_wconf 90' lang='lat' dir='ltr'><strong>Ilium</strong></span> <span class='ocrx_word' id='word_1_72' title='bbox 570 949 809 1002; x_wconf 82' lang='lat' dir='ltr'><strong>recepisse,</strong></span> <span class='ocrx_word' id='word_1_73' title='bbox 843 948 1051 1002; x_wconf 84' lang='lat' dir='ltr'><strong>expulsis</strong></span> <span class='ocrx_word' id='word_1_74' title='bbox 1091 947 1331 988; x_wconf 86' lang='lat' dir='ltr'><strong>Antenoris</strong></span> <span class='ocrx_word' id='word_1_75' title='bbox 1356 949 1569 1001; x_wconf 84' lang='lat' dir='ltr'><strong>posteris,</strong></span> 
     </span>
     <span class='ocr_line' id='line_1_11' title="bbox 112 1014 1571 1069; baseline -0.002 -11"><span class='ocrx_word' id='word_1_76' title='bbox 112 1017 294 1058; x_wconf 87' lang='lat' dir='ltr'><strong>Helena</strong></span> <span class='ocrx_word' id='word_1_77' title='bbox 316 1015 563 1057; x_wconf 82' lang='lat' dir='ltr'><strong>subsidium</strong></span> <span class='ocrx_word' id='word_1_78' title='bbox 583 1015 762 1056; x_wconf 86' lang='lat' dir='ltr'><strong>ferente.</strong></span> <span class='ocrx_word' id='word_1_79' title='bbox 800 1014 921 1065; x_wconf 84' lang='lat' dir='ltr'><strong>Quin</strong></span> <span class='ocrx_word' id='word_1_80' title='bbox 940 1015 1161 1069; x_wconf 90' lang='lat' dir='ltr'><strong>hodieque</strong></span> <span class='ocrx_word' id='word_1_81' title='bbox 1183 1020 1341 1056; x_wconf 83' lang='lat' dir='ltr'><strong>extant</strong></span> <span class='ocrx_word' id='word_1_82' title='bbox 1363 1016 1571 1069; x_wconf 79' lang='lat' dir='ltr'><strong>anonymi</strong></span> 
     </span>
     <span class='ocr_line' id='line_1_12' title="bbox 113 1082 1571 1136; baseline -0.001 -12"><span class='ocrx_word' id='word_1_83' title='bbox 113 1083 201 1125; x_wconf 88' lang='lat' dir='ltr'><strong>duo</strong></span> <span class='ocrx_word' id='word_1_84' title='bbox 222 1083 278 1124; x_wconf 92' lang='lat' dir='ltr'><strong>de</strong></span> <span class='ocrx_word' id='word_1_85' title='bbox 310 1083 433 1124; x_wconf 90' lang='lat' dir='ltr'><strong>bello</strong></span> <span class='ocrx_word' id='word_1_86' title='bbox 454 1082 668 1136; x_wconf 86' lang='lat' dir='ltr'><strong>Trojano,</strong></span> <span class='ocrx_word' id='word_1_87' title='bbox 690 1083 766 1136; x_wconf 92' lang='lat' dir='ltr'><strong>qui</strong></span> <span class='ocrx_word' id='word_1_88' title='bbox 799 1082 1112 1135; x_wconf 86' lang='lat' dir='ltr'><strong>consignarunt</strong></span> <span class='ocrx_word' id='word_1_89' title='bbox 1141 1083 1294 1132; x_wconf 89' lang='lat' dir='ltr'><strong>libros,</strong></span> <span class='ocrx_word' id='word_1_90' title='bbox 1315 1095 1450 1123; x_wconf 90' lang='lat' dir='ltr'><strong>unum</strong></span> <span class='ocrx_word' id='word_1_91' title='bbox 1488 1083 1571 1122; x_wconf 90' lang='lat' dir='ltr'><strong>sub</strong></span> 
     </span>
     <span class='ocr_line' id='line_1_13' title="bbox 113 1149 1570 1204; baseline -0.001 -13"><span class='ocrx_word' id='word_1_92' title='bbox 113 1151 285 1192; x_wconf 88' lang='lat' dir='ltr'><strong>nomine</strong></span> <span class='ocrx_word' id='word_1_93' title='bbox 326 1150 487 1204; x_wconf 87' lang='lat' dir='ltr'><strong>Dictys</strong></span> <span class='ocrx_word' id='word_1_94' title='bbox 523 1149 768 1199; x_wconf 84' lang='lat' dir='ltr'><strong>Cretensis,</strong></span> <span class='ocrx_word' id='word_1_95' title='bbox 808 1151 994 1191; x_wconf 85' lang='lat' dir='ltr'><strong>alterum</strong></span> <span class='ocrx_word' id='word_1_96' title='bbox 1022 1163 1128 1192; x_wconf 89' lang='lat' dir='ltr'><strong>vero</strong></span> <span class='ocrx_word' id='word_1_97' title='bbox 1158 1150 1336 1191; x_wconf 85' lang='lat' dir='ltr'><strong>Daretis</strong></span> <span class='ocrx_word' id='word_1_98' title='bbox 1376 1150 1570 1204; x_wconf 78' lang='lat' dir='ltr'><strong>Phrygii.</strong></span> 
     </span>
     <span class='ocr_line' id='line_1_14' title="bbox 116 1216 1574 1269; baseline -0.001 -11"><span class='ocrx_word' id='word_1_99' title='bbox 116 1216 250 1268; x_wconf 90' lang='lat' dir='ltr'><strong>Quod</strong></span> <span class='ocrx_word' id='word_1_100' title='bbox 284 1221 578 1257; x_wconf 88' lang='lat' dir='ltr'><strong>commentum</strong></span> <span class='ocrx_word' id='word_1_101' title='bbox 597 1221 648 1258; x_wconf 90' lang='lat' dir='ltr'><strong>ut</strong></span> <span class='ocrx_word' id='word_1_102' title='bbox 680 1217 831 1257; x_wconf 88' lang='lat' dir='ltr'><strong>colore</strong></span> <span class='ocrx_word' id='word_1_103' title='bbox 865 1217 1016 1269; x_wconf 87' lang='lat' dir='ltr'><strong>aliquo</strong></span> <span class='ocrx_word' id='word_1_104' title='bbox 1052 1216 1210 1257; x_wconf 88' lang='lat' dir='ltr'><strong>melius</strong></span> <span class='ocrx_word' id='word_1_105' title='bbox 1230 1217 1418 1267; x_wconf 87' lang='lat' dir='ltr'><strong>falleret,</strong></span> <span class='ocrx_word' id='word_1_106' title='bbox 1441 1218 1574 1257; x_wconf 76' lang='lat' dir='ltr'><strong>finxit</strong></span> 
     </span>
     <span class='ocr_line' id='line_1_15' title="bbox 115 1283 1573 1338; baseline -0.001 -14"><span class='ocrx_word' id='word_1_107' title='bbox 115 1284 236 1338; x_wconf 88' lang='lat' dir='ltr'><strong>prior</strong></span> <span class='ocrx_word' id='word_1_108' title='bbox 271 1284 490 1338; x_wconf 84' lang='lat' dir='ltr'><strong>quendam</strong></span> <span class='ocrx_word' id='word_1_109' title='bbox 527 1283 585 1334; x_wconf 86' lang='lat' dir='ltr'><strong>Q.</strong></span> <span class='ocrx_word' id='word_1_110' title='bbox 617 1284 881 1337; x_wconf 86' lang='lat' dir='ltr'><strong>Septimium</strong></span> <span class='ocrx_word' id='word_1_111' title='bbox 914 1284 1182 1334; x_wconf 85' lang='lat' dir='ltr'><strong>Romanum,</strong></span> <span class='ocrx_word' id='word_1_112' title='bbox 1206 1284 1281 1337; x_wconf 92' lang='lat' dir='ltr'><strong>qui</strong></span> <span class='ocrx_word' id='word_1_113' title='bbox 1313 1298 1392 1338; x_wconf 88' lang='lat' dir='ltr'><strong>per</strong></span> <span class='ocrx_word' id='word_1_114' title='bbox 1422 1285 1573 1325; x_wconf 76' lang='lat' dir='ltr'><strong>literas</strong></span> 
     </span>
     <span class='ocr_line' id='line_1_16' title="bbox 117 1349 1573 1404; baseline -0.001 -12"><span class='ocrx_word' id='word_1_115' title='bbox 117 1351 386 1404; x_wconf 80' lang='lat' dir='ltr'><strong>significaret</strong></span> <span class='ocrx_word' id='word_1_116' title='bbox 408 1349 464 1401; x_wconf 87' lang='lat' dir='ltr'><strong>Q.</strong></span> <span class='ocrx_word' id='word_1_117' title='bbox 487 1349 700 1400; x_wconf 87' lang='lat' dir='ltr'><strong>Arcadio,</strong></span> <span class='ocrx_word' id='word_1_118' title='bbox 721 1356 771 1392; x_wconf 93' lang='lat' dir='ltr'><strong>ut</strong></span> <span class='ocrx_word' id='word_1_119' title='bbox 790 1352 834 1391; x_wconf 89' lang='lat' dir='ltr'><strong>in</strong></span> <span class='ocrx_word' id='word_1_120' title='bbox 857 1351 989 1392; x_wconf 89' lang='lat' dir='ltr'><strong>Creta</strong></span> <span class='ocrx_word' id='word_1_121' title='bbox 1016 1351 1178 1400; x_wconf 86' lang='lat' dir='ltr'><strong>insula,</strong></span> <span class='ocrx_word' id='word_1_122' title='bbox 1202 1364 1299 1391; x_wconf 92' lang='lat' dir='ltr'><strong>cum</strong></span> <span class='ocrx_word' id='word_1_123' title='bbox 1322 1351 1366 1391; x_wconf 87' lang='lat' dir='ltr'><strong>vi</strong></span> <span class='ocrx_word' id='word_1_124' title='bbox 1386 1356 1573 1404; x_wconf 88' lang='lat' dir='ltr'><strong>tempes-</strong></span> 
     </span>
     <span class='ocr_line' id='line_1_17' title="bbox 118 1417 1577 1471; baseline 0 -13"><span class='ocrx_word' id='word_1_125' title='bbox 118 1419 225 1459; x_wconf 84' lang='lat' dir='ltr'><strong>tatis</strong></span> <span class='ocrx_word' id='word_1_126' title='bbox 247 1422 363 1458; x_wconf 83' lang='lat' dir='ltr'><strong>terra</strong></span> <span class='ocrx_word' id='word_1_127' title='bbox 380 1417 638 1467; x_wconf 84' lang='lat' dir='ltr'><strong>desedisset,</strong></span> <span class='ocrx_word' id='word_1_128' title='bbox 666 1417 711 1458; x_wconf 89' lang='lat' dir='ltr'><strong>in</strong></span> <span class='ocrx_word' id='word_1_129' title='bbox 737 1418 856 1458; x_wconf 89' lang='lat' dir='ltr'><strong>hiatu</strong></span> <span class='ocrx_word' id='word_1_130' title='bbox 874 1417 954 1458; x_wconf 88' lang='lat' dir='ltr'><strong>illo</strong></span> <span class='ocrx_word' id='word_1_131' title='bbox 973 1418 1232 1471; x_wconf 85' lang='lat' dir='ltr'><strong>apparuerit</strong></span> <span class='ocrx_word' id='word_1_132' title='bbox 1253 1418 1411 1471; x_wconf 89' lang='lat' dir='ltr'><strong>Dictys</strong></span> <span class='ocrx_word' id='word_1_133' title='bbox 1428 1418 1577 1471; x_wconf 85' lang='lat' dir='ltr'><strong>sepul·</strong></span> 
     </span>
     <span class='ocr_line' id='line_1_18' title="bbox 118 1484 1575 1538; baseline -0.001 -12"><span class='ocrx_word' id='word_1_134' title='bbox 118 1498 256 1534; x_wconf 87' lang='lat' dir='ltr'><strong>crum,</strong></span> <span class='ocrx_word' id='word_1_135' title='bbox 277 1489 408 1538; x_wconf 88' lang='lat' dir='ltr'><strong>atque</strong></span> <span class='ocrx_word' id='word_1_136' title='bbox 442 1485 487 1525; x_wconf 91' lang='lat' dir='ltr'><strong>in</strong></span> <span class='ocrx_word' id='word_1_137' title='bbox 508 1497 562 1525; x_wconf 92' lang='lat' dir='ltr'><strong>eo</strong></span> <span class='ocrx_word' id='word_1_138' title='bbox 584 1498 612 1525; x_wconf 89' lang='lat' dir='ltr'><strong>a</strong></span> <span class='ocrx_word' id='word_1_139' title='bbox 633 1485 886 1537; x_wconf 84' lang='lat' dir='ltr'><strong>pastoribus</strong></span> <span class='ocrx_word' id='word_1_140' title='bbox 907 1485 1082 1525; x_wconf 90' lang='lat' dir='ltr'><strong>inventa</strong></span> <span class='ocrx_word' id='word_1_141' title='bbox 1102 1485 1158 1524; x_wconf 89' lang='lat' dir='ltr'><strong>sit</strong></span> <span class='ocrx_word' id='word_1_142' title='bbox 1179 1484 1331 1525; x_wconf 86' lang='lat' dir='ltr'><strong>arcula</strong></span> <span class='ocrx_word' id='word_1_143' title='bbox 1353 1485 1575 1538; x_wconf 87' lang='lat' dir='ltr'><strong>plumbea,</strong></span> 
     </span>
     <span class='ocr_line' id='line_1_19' title="bbox 119 1552 1578 1605; baseline 0 -13"><span class='ocrx_word' id='word_1_144' title='bbox 119 1552 274 1593; x_wconf 88' lang='lat' dir='ltr'><strong>librum</strong></span> <span class='ocrx_word' id='word_1_145' title='bbox 299 1552 458 1605; x_wconf 88' lang='lat' dir='ltr'><strong>Dictys</strong></span> <span class='ocrx_word' id='word_1_146' title='bbox 481 1553 708 1592; x_wconf 90' lang='lat' dir='ltr'><strong>continens</strong></span> <span class='ocrx_word' id='word_1_147' title='bbox 727 1552 782 1592; x_wconf 93' lang='lat' dir='ltr'><strong>de</strong></span> <span class='ocrx_word' id='word_1_148' title='bbox 800 1552 916 1593; x_wconf 90' lang='lat' dir='ltr'><strong>bello</strong></span> <span class='ocrx_word' id='word_1_149' title='bbox 936 1552 1146 1605; x_wconf 86' lang='lat' dir='ltr'><strong>Trojano,</strong></span> <span class='ocrx_word' id='word_1_150' title='bbox 1174 1553 1252 1605; x_wconf 82' lang='lat' dir='ltr'><strong>qui</strong></span> <span class='ocrx_word' id='word_1_151' title='bbox 1276 1553 1417 1593; x_wconf 84' lang='lat' dir='ltr'><strong>literis</strong></span> <span class='ocrx_word' id='word_1_152' title='bbox 1440 1553 1578 1605; x_wconf 88' lang='lat' dir='ltr'><strong>scrip-</strong></span> 
     </span>
     <span class='ocr_line' id='line_1_20' title="bbox 121 1618 1578 1673; baseline 0 -15"><span class='ocrx_word' id='word_1_153' title='bbox 121 1623 195 1658; x_wconf 88' lang='lat' dir='ltr'><strong>tus</strong></span> <span class='ocrx_word' id='word_1_154' title='bbox 218 1622 335 1659; x_wconf 89' lang='lat' dir='ltr'><strong>esset</strong></span> <span class='ocrx_word' id='word_1_155' title='bbox 347 1618 614 1659; x_wconf 87' lang='lat' dir='ltr'><strong>Phoeniceis.</strong></span> <span class='ocrx_word' id='word_1_156' title='bbox 647 1619 717 1659; x_wconf 92' lang='lat' dir='ltr'><strong>De</strong></span> <span class='ocrx_word' id='word_1_157' title='bbox 736 1619 899 1660; x_wconf 88' lang='lat' dir='ltr'><strong>Darete</strong></span> <span class='ocrx_word' id='word_1_158' title='bbox 917 1622 1062 1659; x_wconf 86' lang='lat' dir='ltr'><strong>autem</strong></span> <span class='ocrx_word' id='word_1_159' title='bbox 1080 1619 1274 1673; x_wconf 84' lang='lat' dir='ltr'><strong>Phrygio</strong></span> <span class='ocrx_word' id='word_1_160' title='bbox 1297 1620 1384 1660; x_wconf 83' lang='lat' dir='ltr'><strong>tale</strong></span> <span class='ocrx_word' id='word_1_161' title='bbox 1407 1621 1578 1660; x_wconf 86' lang='lat' dir='ltr'><strong>auctori</strong></span> 
     </span>
     <span class='ocr_line' id='line_1_21' title="bbox 121 1684 1579 1740; baseline 0.001 -15"><span class='ocrx_word' id='word_1_162' title='bbox 121 1685 293 1739; x_wconf 87' lang='lat' dir='ltr'><strong>placuit</strong></span> <span class='ocrx_word' id='word_1_163' title='bbox 313 1684 584 1737; x_wconf 79' lang='lat' dir='ltr'><strong>figmentum.</strong></span> <span class='ocrx_word' id='word_1_164' title='bbox 645 1685 894 1727; x_wconf 88' lang='lat' dir='ltr'><strong>Cornelium</strong></span> <span class='ocrx_word' id='word_1_165' title='bbox 938 1685 1159 1740; x_wconf 89' lang='lat' dir='ltr'><strong>Nepotem</strong></span> <span class='ocrx_word' id='word_1_166' title='bbox 1183 1687 1353 1728; x_wconf 90' lang='lat' dir='ltr'><strong>inducit</strong></span> <span class='ocrx_word' id='word_1_167' title='bbox 1385 1688 1579 1727; x_wconf 87' lang='lat' dir='ltr'><strong>scriben—</strong></span> 
     </span>
     <span class='ocr_line' id='line_1_22' title="bbox 123 1751 1579 1807; baseline 0.001 -14"><span class='ocrx_word' id='word_1_168' title='bbox 123 1756 211 1793; x_wconf 91' lang='lat' dir='ltr'><strong>tem</strong></span> <span class='ocrx_word' id='word_1_169' title='bbox 247 1752 304 1792; x_wconf 87' lang='lat' dir='ltr'><strong>ad</strong></span> <span class='ocrx_word' id='word_1_170' title='bbox 346 1751 553 1805; x_wconf 88' lang='lat' dir='ltr'><strong>Crispum</strong></span> <span class='ocrx_word' id='word_1_171' title='bbox 589 1751 867 1802; x_wconf 90' lang='lat' dir='ltr'><strong>Sallustium,</strong></span> <span class='ocrx_word' id='word_1_172' title='bbox 903 1755 954 1792; x_wconf 92' lang='lat' dir='ltr'><strong>ut</strong></span> <span class='ocrx_word' id='word_1_173' title='bbox 984 1751 1172 1793; x_wconf 90' lang='lat' dir='ltr'><strong>Athenis</strong></span> <span class='ocrx_word' id='word_1_174' title='bbox 1209 1759 1330 1794; x_wconf 87' lang='lat' dir='ltr'><strong>esset</strong></span> <span class='ocrx_word' id='word_1_175' title='bbox 1377 1760 1579 1807; x_wconf 88' lang='lat' dir='ltr'><strong>repertus</strong></span> 
     </span>
     <span class='ocr_line' id='line_1_23' title="bbox 123 1817 1580 1874; baseline 0.002 -16"><span class='ocrx_word' id='word_1_176' title='bbox 123 1817 373 1874; x_wconf 61' lang='grc' dir='ltr'><strong>αὐτ-ἄγραφος,</strong></span> <span class='ocrx_word' id='word_1_177' title='bbox 413 1818 556 1872; x_wconf 89' lang='lat' dir='ltr'><strong>ipsius</strong></span> <span class='ocrx_word' id='word_1_178' title='bbox 602 1820 796 1861; x_wconf 90' lang='lat' dir='ltr'><strong>auctoris</strong></span> <span class='ocrx_word' id='word_1_179' title='bbox 836 1819 1183 1873; x_wconf 87' lang='lat' dir='ltr'><strong>manuscriptus,</strong></span> <span class='ocrx_word' id='word_1_180' title='bbox 1229 1821 1340 1861; x_wconf 89' lang='lat' dir='ltr'><strong>liber</strong></span> <span class='ocrx_word' id='word_1_181' title='bbox 1386 1820 1580 1870; x_wconf 88' lang='lat' dir='ltr'><strong>Daretis,</strong></span> 
     </span>
     <span class='ocr_line' id='line_1_24' title="bbox 124 1885 1580 1940; baseline 0.001 -14"><span class='ocrx_word' id='word_1_182' title='bbox 124 1898 256 1939; x_wconf 91' lang='lat' dir='ltr'><strong>quem</strong></span> <span class='ocrx_word' id='word_1_183' title='bbox 282 1886 404 1927; x_wconf 77' lang='lat' dir='ltr'><strong>dixi:</strong></span> <span class='ocrx_word' id='word_1_184' title='bbox 427 1890 560 1940; x_wconf 88' lang='lat' dir='ltr'><strong>atque</strong></span> <span class='ocrx_word' id='word_1_185' title='bbox 579 1891 630 1927; x_wconf 90' lang='lat' dir='ltr'><strong>ut</strong></span> <span class='ocrx_word' id='word_1_186' title='bbox 650 1886 765 1927; x_wconf 92' lang='lat' dir='ltr'><strong>hunc</strong></span> <span class='ocrx_word' id='word_1_187' title='bbox 787 1886 946 1928; x_wconf 86' lang='lat' dir='ltr'><strong>Latina</strong></span> <span class='ocrx_word' id='word_1_188' title='bbox 967 1890 1069 1939; x_wconf 83' lang='lat' dir='ltr'><strong>toga</strong></span> <span class='ocrx_word' id='word_1_189' title='bbox 1090 1885 1282 1936; x_wconf 87' lang='lat' dir='ltr'><strong>donarit,</strong></span> <span class='ocrx_word' id='word_1_190' title='bbox 1306 1890 1352 1928; x_wconf 94' lang='lat' dir='ltr'><strong>ut</strong></span> <span class='ocrx_word' id='word_1_191' title='bbox 1373 1887 1580 1928; x_wconf 84' lang='lat' dir='ltr'><strong>amicitiae</strong></span> 
     </span>
     <span class='ocr_line' id='line_1_25' title="bbox 123 1952 1583 1996; baseline 0.001 -2"><span class='ocrx_word' id='word_1_192' title='bbox 123 1953 211 1994; x_wconf 89' lang='lat' dir='ltr'><strong>hoc</strong></span> <span class='ocrx_word' id='word_1_193' title='bbox 231 1957 557 1994; x_wconf 91' lang='lat' dir='ltr'><strong>monumentum</strong></span> <span class='ocrx_word' id='word_1_194' title='bbox 571 1954 763 1994; x_wconf 89' lang='lat' dir='ltr'><strong>muneris</strong></span> <span class='ocrx_word' id='word_1_195' title='bbox 781 1953 884 1994; x_wconf 91' lang='lat' dir='ltr'><strong>loco</strong></span> <span class='ocrx_word' id='word_1_196' title='bbox 902 1952 1115 1994; x_wconf 88' lang='lat' dir='ltr'><strong>Sallustio</strong></span> <span class='ocrx_word' id='word_1_197' title='bbox 1137 1953 1300 1994; x_wconf 88' lang='lat' dir='ltr'><strong>mittat.</strong></span> <span class='ocrx_word' id='word_1_198' title='bbox 1360 1953 1446 1994; x_wconf 88' lang='lat' dir='ltr'><strong>Sed</strong></span> <span class='ocrx_word' id='word_1_199' title='bbox 1460 1959 1583 1996; x_wconf 82' lang='lat' dir='ltr'><strong>extat</strong></span> 
     </span>
     <span class='ocr_line' id='line_1_26' title="bbox 125 2019 1583 2074; baseline 0.001 -14"><span class='ocrx_word' id='word_1_200' title='bbox 125 2020 302 2074; x_wconf 86' lang='lat' dir='ltr'><strong>genuini</strong></span> <span class='ocrx_word' id='word_1_201' title='bbox 323 2019 519 2061; x_wconf 89' lang='lat' dir='ltr'><strong>Cornelii</strong></span> <span class='ocrx_word' id='word_1_202' title='bbox 554 2019 744 2074; x_wconf 85' lang='lat' dir='ltr'><strong>Nepotis</strong></span> <span class='ocrx_word' id='word_1_203' title='bbox 778 2020 887 2061; x_wconf 89' lang='lat' dir='ltr'><strong>liber</strong></span> <span class='ocrx_word' id='word_1_204' title='bbox 918 2020 975 2061; x_wconf 90' lang='lat' dir='ltr'><strong>de</strong></span> <span class='ocrx_word' id='word_1_205' title='bbox 996 2019 1140 2062; x_wconf 91' lang='lat' dir='ltr'><strong>Attici</strong></span> <span class='ocrx_word' id='word_1_206' title='bbox 1162 2021 1284 2072; x_wconf 83' lang='lat' dir='ltr'><strong>vita3</strong></span> <span class='ocrx_word' id='word_1_207' title='bbox 1317 2021 1432 2070; x_wconf 90' lang='lat' dir='ltr'><strong>item,</strong></span> <span class='ocrx_word' id='word_1_208' title='bbox 1454 2034 1583 2074; x_wconf 88' lang='lat' dir='ltr'><strong>quem</strong></span> 
     </span>
     <span class='ocr_line' id='line_1_27' title="bbox 127 2086 1582 2141; baseline 0 -13"><span class='ocrx_word' id='word_1_209' title='bbox 127 2087 308 2141; x_wconf 89' lang='lat' dir='ltr'><strong>scripsit</strong></span> <span class='ocrx_word' id='word_1_210' title='bbox 332 2087 385 2128; x_wconf 92' lang='lat' dir='ltr'><strong>de</strong></span> <span class='ocrx_word' id='word_1_211' title='bbox 408 2087 754 2141; x_wconf 86' lang='lat' dir='ltr'><strong>Imperatoribus</strong></span> <span class='ocrx_word' id='word_1_212' title='bbox 776 2088 979 2129; x_wconf 88' lang='lat' dir='ltr'><strong>externis.</strong></span> <span class='ocrx_word' id='word_1_213' title='bbox 1039 2086 1158 2137; x_wconf 83' lang='lat' dir='ltr'><strong>Quid</strong></span> <span class='ocrx_word' id='word_1_214' title='bbox 1180 2088 1248 2128; x_wconf 92' lang='lat' dir='ltr'><strong>his</strong></span> <span class='ocrx_word' id='word_1_215' title='bbox 1270 2088 1394 2128; x_wconf 90' lang='lat' dir='ltr'><strong>libris</strong></span> <span class='ocrx_word' id='word_1_216' title='bbox 1414 2090 1582 2141; x_wconf 89' lang='lat' dir='ltr'><strong>purius,</strong></span> 
     </span>
     <span class='ocr_line' id='line_1_28' title="bbox 129 2153 1585 2208; baseline 0.001 -14"><span class='ocrx_word' id='word_1_217' title='bbox 129 2154 496 2208; x_wconf 72' lang='lat' dir='ltr'><strong>elegantiusque?</strong></span> <span class='ocrx_word' id='word_1_218' title='bbox 531 2153 653 2205; x_wconf 82' lang='lat' dir='ltr'><strong>Quid</strong></span> <span class='ocrx_word' id='word_1_219' title='bbox 677 2154 732 2195; x_wconf 87' lang='lat' dir='ltr'><strong>ad</strong></span> <span class='ocrx_word' id='word_1_220' title='bbox 754 2155 840 2196; x_wconf 92' lang='lat' dir='ltr'><strong>ista</strong></span> <span class='ocrx_word' id='word_1_221' title='bbox 860 2155 1037 2196; x_wconf 89' lang='lat' dir='ltr'><strong>tralatio</strong></span> <span class='ocrx_word' id='word_1_222' title='bbox 1061 2155 1273 2196; x_wconf 70' lang='lat' dir='ltr'><strong>Daretis?</strong></span> <span class='ocrx_word' id='word_1_223' title='bbox 1323 2155 1513 2208; x_wconf 85' lang='lat' dir='ltr'><strong>Nempe,</strong></span> <span class='ocrx_word' id='word_1_224' title='bbox 1535 2161 1585 2196; x_wconf 87' lang='lat' dir='ltr'><strong>ut</strong></span> 
     </span>
     <span class='ocr_line' id='line_1_29' title="bbox 129 2221 1584 2275; baseline 0.001 -13"><span class='ocrx_word' id='word_1_225' title='bbox 129 2222 217 2262; x_wconf 92' lang='lat' dir='ltr'><strong>dici</strong></span> <span class='ocrx_word' id='word_1_226' title='bbox 249 2221 374 2271; x_wconf 89' lang='lat' dir='ltr'><strong>solet,</strong></span> <span class='ocrx_word' id='word_1_227' title='bbox 406 2222 533 2262; x_wconf 84' lang='lat' dir='ltr'><strong>aliter</strong></span> <span class='ocrx_word' id='word_1_228' title='bbox 565 2222 700 2262; x_wconf 83' lang='lat' dir='ltr'><strong>catuli</strong></span> <span class='ocrx_word' id='word_1_229' title='bbox 733 2223 868 2271; x_wconf 91' lang='lat' dir='ltr'><strong>olent,</strong></span> <span class='ocrx_word' id='word_1_230' title='bbox 906 2222 1031 2263; x_wconf 89' lang='lat' dir='ltr'><strong>aliter</strong></span> <span class='ocrx_word' id='word_1_231' title='bbox 1072 2235 1192 2263; x_wconf 87' lang='lat' dir='ltr'><strong>sues.</strong></span> <span class='ocrx_word' id='word_1_232' title='bbox 1272 2222 1412 2263; x_wconf 86' lang='lat' dir='ltr'><strong>Recte</strong></span> <span class='ocrx_word' id='word_1_233' title='bbox 1454 2223 1584 2275; x_wconf 87' lang='lat' dir='ltr'><strong>igitur</strong></span> 
     </span>
     <span class='ocr_line' id='line_1_30' title="bbox 129 2287 1586 2342; baseline 0.001 -14"><span class='ocrx_word' id='word_1_234' title='bbox 129 2287 267 2329; x_wconf 88' lang='lat' dir='ltr'><strong>sensit</strong></span> <span class='ocrx_word' id='word_1_235' title='bbox 286 2287 547 2329; x_wconf 85' lang='lat' dir='ltr'><strong>Ludovicus</strong></span> <span class='ocrx_word' id='word_1_236' title='bbox 567 2287 708 2329; x_wconf 91' lang='lat' dir='ltr'><strong>Vives</strong></span> <span class='ocrx_word' id='word_1_237' title='bbox 728 2289 773 2329; x_wconf 88' lang='lat' dir='ltr'><strong>in</strong></span> <span class='ocrx_word' id='word_1_238' title='bbox 804 2289 955 2342; x_wconf 88' lang='lat' dir='ltr'><strong>quinto</strong></span> <span class='ocrx_word' id='word_1_239' title='bbox 989 2287 1045 2329; x_wconf 92' lang='lat' dir='ltr'><strong>de</strong></span> <span class='ocrx_word' id='word_1_240' title='bbox 1068 2288 1286 2329; x_wconf 85' lang='lat' dir='ltr'><strong>tradendis</strong></span> <span class='ocrx_word' id='word_1_241' title='bbox 1321 2289 1586 2342; x_wconf 89' lang='lat' dir='ltr'><strong>disciplinis,</strong></span> 
     </span>
     <span class='ocr_line' id='line_1_31' title="bbox 132 2353 1586 2409; baseline 0.001 -14"><span class='ocrx_word' id='word_1_242' title='bbox 132 2367 231 2395; x_wconf 91' lang='lat' dir='ltr'><strong>cum</strong></span> <span class='ocrx_word' id='word_1_243' title='bbox 254 2353 329 2403; x_wconf 92' lang='lat' dir='ltr'><strong>ait,</strong></span> <span class='ocrx_word' id='word_1_244' title='bbox 363 2357 406 2394; x_wconf 90' lang='lat' dir='ltr'><strong>et</strong></span> <span class='ocrx_word' id='word_1_245' title='bbox 440 2355 661 2403; x_wconf 89' lang='lat' dir='ltr'><strong>Daretem,</strong></span> <span class='ocrx_word' id='word_1_246' title='bbox 684 2358 728 2395; x_wconf 94' lang='lat' dir='ltr'><strong>et</strong></span> <span class='ocrx_word' id='word_1_247' title='bbox 761 2354 924 2409; x_wconf 86' lang='lat' dir='ltr'><strong>Dictyn</strong></span> <span class='ocrx_word' id='word_1_248' title='bbox 952 2355 1088 2395; x_wconf 90' lang='lat' dir='ltr'><strong>istum</strong></span> <span class='ocrx_word' id='word_1_249' title='bbox 1107 2353 1315 2408; x_wconf 89' lang='lat' dir='ltr'><strong>(quorum</strong></span> <span class='ocrx_word' id='word_1_250' title='bbox 1348 2359 1492 2396; x_wconf 89' lang='lat' dir='ltr'><strong>tamen</strong></span> <span class='ocrx_word' id='word_1_251' title='bbox 1514 2355 1586 2396; x_wconf 89' lang='lat' dir='ltr'><strong>hic</strong></span> 
     </span>
     <span class='ocr_line' id='line_1_32' title="bbox 132 2418 1586 2476; baseline 0.001 -15"><span class='ocrx_word' id='word_1_252' title='bbox 132 2421 362 2474; x_wconf 89' lang='lat' dir='ltr'><strong>aliquanto</strong></span> <span class='ocrx_word' id='word_1_253' title='bbox 387 2430 456 2461; x_wconf 85' lang='lat' dir='ltr'><strong>est</strong></span> <span class='ocrx_word' id='word_1_254' title='bbox 477 2421 650 2470; x_wconf 92' lang='lat' dir='ltr'><strong>cultior,</strong></span> <span class='ocrx_word' id='word_1_255' title='bbox 673 2425 717 2462; x_wconf 89' lang='lat' dir='ltr'><strong>et</strong></span> <span class='ocrx_word' id='word_1_256' title='bbox 737 2418 1019 2475; x_wconf 86' lang='lat' dir='ltr'><strong>elegantior‚)</strong></span> <span class='ocrx_word' id='word_1_257' title='bbox 1047 2434 1144 2462; x_wconf 86' lang='lat' dir='ltr'><strong>esse</strong></span> <span class='ocrx_word' id='word_1_258' title='bbox 1176 2425 1187 2443; x_wconf 93' lang='lat'>‘</span> <span class='ocrx_word' id='word_1_259' title='bbox 1202 2422 1408 2476; x_wconf 86' lang='lat' dir='ltr'><strong>figmenta</strong></span> <span class='ocrx_word' id='word_1_260' title='bbox 1438 2435 1586 2464; x_wconf 91' lang='lat' dir='ltr'><strong>eorum</strong></span> 
     </span>
     <span class='ocr_line' id='line_1_33' title="bbox 135 2486 1202 2542; baseline 0.004 -15"><span class='ocrx_word' id='word_1_261' title='bbox 135 2488 209 2542; x_wconf 94' lang='lat' dir='ltr'><strong>qui</strong></span> <span class='ocrx_word' id='word_1_262' title='bbox 232 2486 287 2528; x_wconf 90' lang='lat' dir='ltr'><strong>de</strong></span> <span class='ocrx_word' id='word_1_263' title='bbox 305 2487 421 2529; x_wconf 86' lang='lat' dir='ltr'><strong>bello</strong></span> <span class='ocrx_word' id='word_1_264' title='bbox 442 2488 748 2530; x_wconf 83' lang='lat' dir='ltr'><strong>famosissimo</strong></span> <span class='ocrx_word' id='word_1_265' title='bbox 770 2489 1001 2531; x_wconf 89' lang='lat' dir='ltr'><strong>voluerunt</strong></span> <span class='ocrx_word' id='word_1_266' title='bbox 1021 2488 1202 2531; x_wconf 87' lang='lat' dir='ltr'><strong>ludere.&#39;</strong></span> 
     </span>
    </p>
   </div>
  </div>
 </body>
</html>
