1915 3231
482 325 544 356 DE
579 325 735 354 BELLO
766 323 992 354 TROJANO
1027 323 1122 353 LlB.
1156 323 1220 354 Vl.
1484 312 1569 355 27¹.

128 424 227 462 acto
246 423 452 472 tempore,
473 419 619 459 accitu
639 417 868 459 Idomenei
889 416 1063 458 Cretam
1094 417 1226 467 venit,
1259 429 1402 470 neque
1429 418 1567 458 multo

124 492 229 542 post
249 485 503 527 Menelaus:
533 485 596 526 ibi
615 486 756 526 multa
776 484 820 524 in
850 487 1053 537 patruum
1084 488 1236 525 saeva9
1264 495 1344 536 per
1372 495 1474 523 eum
1502 484 1570 523 in-

125 558 264 607 gesta,
288 551 409 607 quod
431 552 515 593 sibi
537 564 615 606 per
638 550 955 591 dissensionem
985 549 1263 603 popularium
1297 549 1566 589 multimodis

123 620 385 674 periclitanti
418 619 515 672 ipse
549 618 683 660 etiam
716 617 950 658 insidiatus
981 620 1113 656 esset.
1189 614 1262 656 Ad
1293 619 1567 668 postremum

122 687 363 728 intercessu
385 684 610 726 Idomenei
630 687 809 737 uterque
837 682 1096 724 conciliatus
1127 681 1212 722 sibi
1245 680 1568 723 Lacedaemona

121 751 327 794 discedit.
385 751 456 793 Ibi
477 750 720 799 Menelaus,
735 749 863 790 sicuti
884 751 1159 797 convenerat,
1181 747 1468 789 Hermionam
1484 745 1499 768 k
1521 747 1566 787 in

121 817 440 859 matrimonium
477 816 626 857 Oresti
661 814 907 868 despondit.
980 814 1056 865 [5.]
1100 813 1186 855 Per
1231 814 1349 855 idem
1388 820 1564 867 tempus

122 884 310 939 Ulysses
330 883 508 925 Cretam
528 882 746 936 appulsus
768 885 850 931 est,
871 881 1043 922 duabus
1064 881 1326 922 Phoenicum
1352 881 1536 922 navibus
1556 879 1564 902 ¹

120 950 335 992 mercedis
362 953 497 1004 pacto
521 948 743 1002 acceptis:
778 960 967 1001 namque
998 960 1115 997 suaS‚
1143 960 1241 989 cum
1265 947 1401 989 sociis
1430 952 1564 1000 atque

120 1017 324 1058 omnibus
345 1030 446 1070 quae
467 1029 525 1057 ex
550 1015 687 1069 Troja
715 1014 942 1064 habuerat,
977 1027 1054 1068 per
1074 1014 1163 1055 vim
1182 1014 1436 1055 Telamonis
1457 1013 1566 1054 ami-

119 1088 258 1125 serat:
293 1084 463 1125 scilicet
488 1082 636 1123 infesti
665 1083 722 1123 ob
741 1081 906 1123 illatam
927 1095 1005 1135 per
1023 1094 1121 1122 eum
1142 1081 1234 1122 filio
1254 1086 1456 1130 necem,¹¹¹
1486 1080 1565 1121 vix

118 1151 217 1205 ipse
245 1151 458 1193 liberatus
489 1150 705 1191 industria
732 1161 829 1190 sua.
895 1148 1294 1202 Percontantique¹
1327 1148 1563 1189 Idomeneo

118 1218 283 1270 quibus
303 1230 360 1259 ex
381 1217 530 1258 causis
549 1218 594 1258 in
622 1219 764 1258 tantas
785 1215 987 1256 miserias
1009 1215 1274 1264 devenisset,
1306 1214 1463 1255 erroris
1484 1213 1564 1254 ini-

116 1285 223 1327 tium
243 1297 417 1325 narrare
439 1283 627 1336 occipit:
650 1295 740 1335 quo
761 1286 894 1335 pacto
915 1281 1133 1334 appulsus
1154 1280 1401 1322 Ismarum¹1
1421 1279 1561 1320 multa

117 1351 219 1393 inde
239 1364 316 1405 per
335 1351 499 1392 bellum
521 1349 712 1403 quaesita
743 1347 896 1402 praeda
926 1347 1224 1401 navigaverit:
1256 1346 1559 1401 appulsusque

722 1474 964 1487 OONN‘MO

117 1564 390 1606 praepositionem
406 1574 426 1595 a
447 1567 526 1595 ante
546 1573 580 1604 p.
596 1562 804 1595 crimina—9
826 1562 949 1604 Delph.
970 1563 1148 1594 severa—1
1174 1559 1302 1602 Delph.
1318 1558 1561 1592 Per-cunctami-

765 1679 909 1712 NOTAE

158 1752 173 1773 k
195 1752 414 1793 Hermionam]
447 1753 503 1784 De
528 1751 659 1784 Orestis
674 1756 709 1783 et
723 1751 813 1783 Her-

113 1803 235 1835 miouae
266 1802 420 1843 conjugio
458 1802 589 1834 variant
618 1801 814 1842 scriptores,

115 1853 204 1884 Nam
234 1852 391 1893 Hyginus
417 1851 549 1888 scribit,
580 1851 813 1891 Hermionam,

114 1902 342 1944 Neoptolemo
349 1900 724 1943 desponsatam,statim
736 1905 813 1941 post

113 1952 250 1993 Trojam
273 1956 421 1993 captam,
445 1951 562 1982 Oresti
584 1950 618 1981 in
645 1949 815 1981 matrimo-

113 2002 206 2033 nium
244 2001 356 2033 datam
392 2000 512 2039 fuisse,
547 2000 811 2041 Menelaumque

114 2056 236 2093 postea
258 2052 348 2083 illam
371 2050 415 2082 ab
430 2050 556 2082 Oreste
579 2050 760 2081 abduxisse
776 2054 812 2081 et

114 2102 344 2143 Neoptolemo
364 2100 554 2132 tradidisse.
583 2099 665 2141 Alii,
681 2105 813 2140 contra,

113 2152 335 2184 Hermionam
364 2151 457 2192 prius
481 2151 599 2183 Oresti
625 2151 811 2191 desponsa-

113 2206 181 2234 tam
212 2202 444 2242 Neoptolemo
475 2211 495 2232 a
525 2206 625 2242 patre
651 2201 812 2231 Menelao

113 2251 275 2283 traditam
299 2251 432 2290 dicunt,
451 2260 594 2292 eamque
618 2249 744 2280 deinde
770 2250 812 2281 ab

114 2301 189 2342 ipso
220 2300 382 2332 Menelao
411 2300 598 2341 abreptam.
641 2298 709 2330 Sed
740 2297 813 2330 haec

112 2351 224 2383 omnia
239 2350 491 2383 accuratissime
505 2349 722 2382 doctissimus
738 2349 814 2380 Me-

112 2401 268 2440 ziriacus,
304 2401 339 2431 in
377 2400 446 2431 suis
483 2398 746 2436 commentariis,
778 2398 813 2429 in

113 2452 257 2493 Epistol.
281 2451 384 2484 Ovid.
403 2451 597 2483 Hermionae
615 2449 744 2482 Oresti.

153 2503 162 2525 ¹
182 2504 307 2545 Ulysses
321 2504 448 2534 Cretam
462 2503 609 2544 appulsus
623 2505 682 2541 est,
694 2500 812 2532 duabus

113 2553 295 2585 Phoenicum
319 2553 458 2591 navibus,
479 2552 549 2593 fisa]
581 2552 701 2583 Totam
725 2551 811 2581 hanc

111 2602 285 2633 historiam
301 2601 345 2633 de
371 2601 404 2632 vi
428 2601 543 2643 Ulyssi
569 2610 630 2641 per
655 2600 811 2631 Telamo-

114 2660 190 2682 nem
206 2650 312 2690 facta‚
326 2655 362 2682 et
385 2650 428 2681 de
452 2649 582 2692 Ulyssis
599 2649 738 2681 Cretam
754 2657 812 2688 ap·

113 2700 213 2741 pulsu
226 2699 355 2732 duabus
373 2700 575 2732 Phoenicum
594 2697 751 2737 navibus,
767 2697 811 2728 ab

116 2754 257 2781 auctore
289 2756 405 2781 nostro
431 2748 610 2781 confictam
643 2747 812 2778 existimo.

117 2798 210 2829 Nihil
222 2798 309 2828 enim
327 2799 465 2830 Homer.
480 2798 563 2829 nihil
581 2796 748 2836 Hyginus,
764 2795 812 2826 ni-

117 2846 162 2878 hil
179 2845 355 2879 Ausonius.
399 2848 560 2889 Suspicor
576 2847 679 2878 etiam
695 2845 728 2878 id
745 2854 814 2877 om-

867 1762 911 1784 ne
933 1754 1160 1784 commentum
1181 1749 1284 1782 fuisse
1307 1748 1447 1790 Dictyn,
1462 1757 1563 1788 prop-

867 1807 921 1834 ter
935 1803 1045 1834 locum
1060 1802 1154 1833 illum
1168 1799 1322 1835 Homeri,
1336 1798 1393 1830 ubi
1406 1799 1565 1829 Eumaeus

868 1851 988 1892 refert,
1004 1852 1068 1883 sibi
1092 1851 1171 1883 olim
1195 1850 1304 1881 virum
1326 1849 1475 1880 AEtolum
1490 1847 1565 1878 dix-

865 1902 943 1941 isse,
960 1901 1082 1932 vidisse
1097 1910 1132 1932 se
1147 1900 1305 1940 Ulyssem
1321 1897 1412 1938 apud
1428 1897 1566 1928 Idome-

865 1960 980 1990 neum‚
995 1960 1099 1982 naves
1112 1959 1189 1981 suas
1205 1952 1410 1989 tempestate
1427 1955 1566 1987 quassas

866 1999 1086 2032 reficientem.
1131 1999 1242 2030 Locus
1255 2001 1320 2036 est,
1334 1996 1403 2028 Od.
1417 1999 1451 2029 Ξ.
1472 1997 1517 2033 Φῆ
1532 1994 1569 2026 δέ

864 2061 916 2089 μιν
936 2051 970 2081 ἐν
989 2048 1146 2090 Κρήτεσσι
1170 2048 1240 2088 παρ’
1265 2047 1417 2086 Ἰδομενῆϊ
1437 2044 1567 2085 ἰδέσθαι,

865 2101 950 2137 Νῆας
964 2099 1151 2139 ἀκειόμενον,
1166 2097 1224 2130 τάς
1238 2098 1268 2129 οἱ
1282 2096 1426 2137 ξυνέαξαν
1440 2095 1566 2128 ἄελλαι.

865 2150 875 2167 ‘
891 2149 989 2180 Dixit
1013 2155 1126 2181 autem
1156 2149 1249 2179 illum
1275 2148 1309 2178 in
1342 2148 1447 2178 Creta
1473 2145 1563 2187 apud

865 2197 1086 2229 idomeneum
1097 2198 1235 2238 vidisse,
1246 2198 1361 2229 Naves
1373 2200 1564 2233 sanantem,

865 2258 948 2290 quas
964 2249 995 2279 ei
1010 2247 1183 2289 fregerant
1204 2245 1385 2288 procellae-⁹
1428 2245 1504 2277 Imo
1527 2249 1564 2276 et

863 2297 991 2338 pagina
1018 2306 1097 2328 mox
1121 2296 1277 2337 sequenti
1303 2296 1403 2327 aliter
1433 2298 1560 2325 narrat.

864 2346 925 2378 Ait
933 2346 1034 2382 enim,
1046 2346 1135 2377 inter
1146 2345 1293 2386 Scyllam
1310 2349 1345 2376 et
1353 2343 1561 2383 Charybdim

866 2395 997 2427 amissis
1020 2394 1163 2426 navibus
1184 2403 1220 2425 se
1242 2394 1276 2425 in
1292 2402 1410 2424 manus
1426 2392 1566 2423 Phoeni·

864 2455 939 2477 cum
963 2445 1154 2484 devenisse,
1171 2443 1213 2475 ab
1233 2443 1341 2484 iisque
1358 2452 1419 2483 per
1434 2441 1563 2473 miseri-

866 2495 1014 2526 cordiam
1030 2497 1250 2525 reservatum.
1295 2494 1422 2525 Locum
1438 2492 1505 2523 adi.

908 2548 931 2564 ¹¹¹
954 2544 1040 2575 Filio
1052 2542 1169 2583 necem]
1194 2543 1328 2583 Nempe
1349 2541 1461 2583 Ajaci.
1506 2542 1563 2573 De

866 2603 931 2636 quo
948 2603 1063 2635 supra.

908 2648 923 2664 ¹¹
940 2643 1095 2683 Appnlsus
1108 2642 1278 2683 Ismarum]
1291 2641 1393 2683 Apud
1410 2641 1565 2673 Cicones.

866 2695 898 2726 A
914 2693 1096 2725 Cic-onibus
1109 2693 1150 2723 ad
1165 2692 1379 2733 Lotophagos
1391 2691 1562 2732 Meningis

865 2743 992 2775 Insulae
1030 2742 1188 2782 populos,
1224 2742 1314 2773 unde
1347 2741 1494 2774 Siciliam
1520 2740 1562 2771 ad

867 2793 1034 2833 Cyclopas
1070 2797 1105 2822 et
1137 2792 1376 2833 Laestrygonas
1415 2791 1560 2823 delatus.

869 2843 972 2876 Hom.
990 2841 1057 2874 Od.
1072 2850 1096 2874 1.
