1915 3231
689 295 845 326 scENA
880 295 1076 325 'rame-A.
1548 288 1605 328 77

158 389 274 431 unde
296 394 338 430 et
359 391 482 431 locus
503 390 732 431 dicebatur
751 389 1041 442 gymnasium.
1099 388 1268 429 Lucan.
1294 399 1381 429 vu.
1405 389 1602 431 Pharsal.

155 458 256 498 270.
316 457 504 498 Lucian.
525 457 571 497 in
588 454 906 510 Anacharsid.)
919 459 1157 505 ceromate,
1175 454 1222 495 id
1243 459 1331 505 est,
1348 456 1605 498 athletarum

157 523 254 564 oleo
275 523 457 568 inuncti,
478 527 525 563 ut
545 535 700 564 manus
720 523 920 563 fallerent
941 521 1377 576 apprehendentium.
1436 522 1603 564 Lucan.

159 600 224 629 lv.
247 589 444 631 Pharsal.
474 589 574 630 613.
610 589 664 629 de
702 589 896 630 Hercule
927 588 1163 630 luctaturo.
1193 587 1376 638 Statius,
1401 599 1462 629 vi.
1490 589 1604 630 The-

156 655 276 696 baid.
297 656 396 696 830.
455 655 583 695 Unde
605 667 704 695 sese
724 655 915 696 invicem
937 667 1070 695 arena
1095 653 1224 707 jacta
1244 656 1604 708 conspergebant,

157 726 208 762 ut
245 722 414 762 lubrica
455 733 642 774 corpora
671 721 980 774 prebensiones
1009 720 1301 763 admitterent.
1362 720 1492 763 Ovid.
1526 733 1599 762 [Χ.

160 787 341 829 Metam.
361 787 431 828 35.
453 787 506 827 de
527 787 684 828 eodem
708 787 914 828 Hercule.
975 787 1159 841 Quippe
1190 788 1234 828 in
1263 788 1386 829 lucta
1406 801 1454 829 se
1484 787 1603 829 invi-

159 866 255 895 cem
275 867 363 895 non
384 854 685 899 verberabant,
708 853 787 893 sed
822 853 1095 894 solummodo
1117 854 1534 907 complectebantur,
1556 858 1606 895 ut

158 920 274 961 alter
294 921 481 962 alterum
499 920 617 960 humi
639 919 855 973 dejiceret.
918 920 971 961 In
994 933 1079 974 quo
1101 920 1605 973 praesertimlaudandus

158 986 339 1037 athleta,
372 987 448 1041 qui
483 990 828 1036 concertantem,
868 987 961 1028 sine
1000 986 1193 1040 pulveris
1235 985 1363 1039 jactu
1400 987 1605 1028 vinceret.

159 1054 277 1095 Plin.
301 1054 362 1094 H.
385 1054 491 1095 Nat.
514 1064 682 1094 XXXV.
699 1054 766 1094 11.
787 1053 843 1094 de
867 1054 1102 1106 Dioxippo
1123 1052 1385 1093 Alcimachi.

219 1120 284 1162 Hi
306 1134 411 1161 vero
432 1121 668 1161 luctatores
688 1120 732 1160 in
753 1120 1100 1172 Segestanorum
1125 1118 1167 1159 N
1173 1132 1318 1159 ummo
1339 1121 1606 1172 spectantur,

162 1188 281 1241 apud
323 1188 554 1240 Begerum,
593 1187 805 1228 Thesaur.
843 1186 1062 1228 Brandeb.
1102 1187 1146 1226 in
1177 1185 1300 1226 Sicil.
1340 1185 1477 1225 Num.
1506 1185 1607 1227 370.

162 1255 316 1308 quales
333 1259 376 1296 et
405 1267 461 1294 ex
481 1253 815 1307 Aspendiorum
836 1254 972 1295 Num.
993 1266 1017 1293 e
1039 1253 1201 1294 Patino
1224 1264 1361 1305 nuper
1382 1252 1605 1302 dederam,

163 1322 220 1364 ad
241 1321 374 1363 Ovid.
398 1320 582 1362 Heroid.
606 1321 673 1361 18.
705 1321 849 1374 Epist.
869 1326 914 1361 et
943 1320 1180 1369 Martialis,
1204 1330 1271 1360 lv.
1291 1321 1361 1360 55.
1379 1321 1421 1360 7.
1482 1319 1607 1370 Quos

163 1395 309 1430 tamen
335 1393 428 1429 arte
450 1391 491 1428 et
511 1387 730 1440 elegantia
759 1390 966 1439 superant
995 1386 1257 1427 luctatorum
1289 1385 1468 1434 Statuae‚
1489 1387 1609 1439 apud

163 1456 442 1504 Perrierium,
465 1454 772 1508 Episcopium,
803 1458 1061 1506 ceterosque
1092 1452 1471 1493 Monumentorum
1493 1466 1608 1494 mar-

165 1534 413 1564 moreorum
433 1521 713 1563 collectores.

616 1660 759 1702 XIV.
820 1659 1164 1702 NAUPLIUS.

691 1760 796 1801 Lm.
819 1771 885 1800 vi.
917 1759 1034 1800 CAP.
1058 1759 1099 1800 1.

166 1862 177 1881 ‘
196 1858 288 1900 Eos
320 1860 542 1915 Nauplius
573 1861 711 1901 ultum
742 1860 795 1901 iri
828 1859 1012 1913 cupiens
1044 1857 1297 1899 Palamedis
1326 1869 1493 1905 necem,
1534 1870 1612 1910 per

222 1930 396 1968 noctem
416 1928 507 1980 igni
526 1927 640 1968 elato
660 1925 717 1967 ad
737 1939 790 1967 ea
818 1926 919 1967 loca
939 1925 1185 1975 deflectere,
1207 1929 1413 1978 tanquam
1435 1923 1490 1964 ad
1510 1936 1613 1977 por-

224 1998 318 2035 tum
340 1993 569 2047 coiigerat?

222 2071 508 2122 NAUPLIUS,
541 2071 742 2126 Neptuni
772 2073 817 2112 et
835 2068 1108 2125 Amymones
1137 2070 1271 2119 filius,
1299 2082 1380 2110 rex
1413 2068 1610 2117 Euboeae,

168 2143 296 2192 pater
316 2138 581 2180 Palamedis.
643 2137 794 2187 Hunc,
815 2136 995 2190 Ulyssis
1023 2142 1131 2186 arte,
1157 2136 1331 2190 judicio
1361 2135 1514 2188 iniquo
1533 2135 1615 2175 cir-

169 2209 461 2255 cumventum,
481 2205 708 2259 lapidibus
729 2205 964 2246 obruerant
982 2204 1142 2245 Graeci.
1176 2203 1322 2252 Pater,
1339 2201 1612 2243 ulciscendae

170 2274 292 2314 necis
325 2273 500 2323 avidus,
535 2272 759 2314 Graeciam
789 2272 1038 2312 universam
1068 2278 1339 2324 peragratur,
1365 2280 1615 2321 uxoresque

169 2339 431 2393 principum,
453 2339 531 2393 qui
552 2337 609 2380 ad
620 2337 803 2392 Trojam
824 2337 1085 2385 militabant,
1108 2337 1150 2376 in
1164 2336 1376 2389 juvenum
1399 2334 1615 2376 adulteria

170 2405 355 2459 pellicit,
382 2405 574 2447 futurum
610 2417 810 2458 speranS,
842 2408 889 2445 ut
917 2402 1208 2444 atrocissimis
1241 2403 1297 2443 ob
1328 2402 1441 2442 hanc
1457 2401 1616 2454 jurgiis

171 2473 283 2514 inter
303 2485 381 2513 eos
400 2473 579 2522 exortis,
594 2484 750 2513 necem
771 2470 1023 2512 Palamedis
1053 2469 1176 2511 caede
1198 2475 1351 2509 mutua
1371 2468 1616 2521 expiarent.

172 2539 403 2589 Praeterea,
434 2539 623 2589 Graecis,
653 2551 809 2580 eversa
830 2537 926 2591 jam
947 2537 1099 2591 Troja,
1127 2536 1409 2576 redeuntibus
1439 2547 1491 2575 ac
1510 2537 1616 2574 tem—

172 2610 346 2659 pestate
383 2606 705 2655 laborantibus,
738 2619 764 2646 a
806 2603 1040 2656 Caphareo
1084 2602 1268 2643 Euboeae
1319 2600 1617 2654 promontorio

173 2672 316 2725 ignem
339 2673 553 2723 extendit,
572 2673 847 2726 classemque
867 2676 1075 2724 tanquam
1108 2669 1164 2710 ad
1193 2668 1426 2709 salutarem
1447 2671 1618 2720 portum

175 2739 512 2793 adnavigantem
542 2739 586 2780 in
607 2739 874 2781 Choeradum
904 2737 1168 2790 asperrimos
1188 2735 1372 2789 pellexit
1393 2733 1618 2787 scopulos,

177 2818 507 2860 aerumnosoque
537 2805 772 2859 castigavit
810 2803 1055 2856 naufragio.
1117 2801 1176 2843 At
1216 2801 1458 2855 intelligens
1497 2804 1619 2854 post-
