1915 3231
281 235 364 277 268
747 246 956 277 nic‘rYos
987 246 1264 279 cRE'rENffls

281 353 459 395 quoquc
482 353 580 381 cum
604 339 844 383 Idomeneo
865 355 965 396 rege
986 340 1162 384 Cretam
1183 341 1372 396 patrium
1393 343 1534 385 solum
1555 356 1726 386 summa

283 407 576 460 gratulatione
607 407 770 449 civium
800 409 1123 450 remeavimus.⁵
1182 408 1262 461 [3.]
1292 409 1411 450 Dein
1431 410 1509 450 ubi
1530 409 1725 460 Orestes,

282 473 519 514 transactis
550 474 751 527 pueritiae
784 475 938 524 annis:
966 475 1113 516 officia
1147 475 1231 516 viri
1261 476 1422 530 exequi
1457 477 1609 530 coepit,
1629 479 1728 518 orat

284 540 586 589 Idomeneum,
607 541 671 581 uti
695 553 847 581 secum
864 545 882 562 ¹¹
912 554 969 582 ex
990 554 1043 582 ea
1062 541 1204 583 insula
1224 554 1356 594 quam
1385 543 1599 596 plurimos
1629 542 1730 583 mit-

283 610 419 648 teret:
451 618 611 660 cupere
633 619 819 660 namque
849 620 897 648 se
926 606 1125 648 Athenas
1163 608 1383 660 navigare.
1442 608 1603 662 Itaque
1633 607 1730 649 col-

283 673 399 714 lecto
421 685 598 714 numero
621 686 769 714 eorum
791 687 904 727 quos
924 673 1109 714 idoneos
1130 674 1348 722 credebat,
1370 673 1566 716 Athenas
1587 674 1728 716 venit:

284 740 341 780 ab
360 739 429 780 his
451 739 669 780 auxilium
691 746 844 780 contra
865 739 1117 792 AEgisthum
1136 743 1245 781 orat.
1286 740 1404 780 Dein
1424 740 1481 781 ad
1504 740 1729 782 oraculum

285 804 401 847 adit:
414 809 430 828 ²
451 817 804 859 responsumque
820 806 917 856 fert,
935 806 998 847 uti
1016 810 1213 856 matrem,
1229 808 1272 847 et
1291 819 1391 847 cum
1409 819 1464 847 ea
1479 806 1731 859 AEgisthum

283 871 543 912 interficiat:
583 883 641 911 ex
680 884 769 924 quo
808 872 919 921 fore,
958 871 1025 912 uti
1064 885 1236 924 regnum
1276 873 1466 926 patrium
1502 873 1731 926 reciperet.

285 936 554 989 Hujusmodi
574 938 750 978 numine
771 941 988 978 armatus³
1021 950 1121 979 cum
1140 938 1356 991 praedicta
1375 950 1506 979 manu
1527 937 1584 980 ad
1606 938 1733 979 Stro-

283 1003 437 1056 phium
461 1004 601 1044 venit:
632 1005 671 1044 is
693 1016 883 1056 namque
904 1003 1165 1054 Phocensis,
1188 1004 1316 1057 cujus
1336 1003 1429 1045 filia
1448 1004 1493 1044 in
1513 1005 1734 1045 matrimo-

284 1070 402 1110 nium
422 1069 645 1122 AEgisthiv
676 1069 961 1122 denupserat,
981 1069 1233 1122 indignatus
1262 1069 1380 1123 quod
1413 1073 1561 1123 spreto
1587 1071 1734 1123 priore

285 1135 492 1188 conjugio
514 1134 899 1189 Clytaemnestram
930 1135 1248 1188 superduxerit,
1284 1140 1327 1177 et
1359 1148 1508 1188 regem
1541 1137 1734 1178 omnium

287 1200 663 1254 Agamemnonem
684 1202 860 1243 insidiis
882 1201 1166 1252 interfecerit,
1196 1203 1313 1243 ultro
1345 1202 1386 1243 ei
1417 1202 1629 1244 auxilium
1658 1204 1736 1245 ad-

284 1280 460 1308 versum
480 1269 811 1310 inimicissimos
833 1270 1063 1310 obtulerat.
1094 1269 1252 1323 Itaque
1269 1270 1521 1323 conspirato
1535 1270 1648 1311 inter
1667 1283 1733 1319 se,

286 1347 387 1374 cum
424 1347 582 1387 magna
620 1348 750 1376 manu
793 1336 1012 1390 Mycenas
1053 1337 1249 1378 veniunt.
1328 1336 1573 1389 Statimque
1613 1336 1733 1390 quod

285 1401 516 1453 AEgisthus
539 1403 731 1452 aberat,W
761 1403 902 1456 primo
924 1403 1308 1457 Clytaemnestram
1329 1402 1606 1452 interficiunt,
1624 1404 1736 1444 mul-

286 1472 447 1521 tosque
468 1469 584 1510 alios
606 1470 684 1523 qui
704 1470 909 1510 resistere
932 1470 1030 1510 ausi
1052 1473 1187 1511 erant.
1247 1470 1362 1511 Dein
1389 1471 1561 1523 cognito
1584 1469 1735 1522 AEgis-

286 1534 407 1574 thum
437 1535 689 1585 adventare,
719 1536 907 1577 insidias
942 1540 1128 1590 ponunt,
1159 1549 1344 1590 eumque
1379 1536 1736 1577 circumveniunt.

287 1600 398 1641 Inde
419 1614 496 1654 per
516 1615 684 1642 omnem
705 1601 968 1655 Argivorum
1003 1602 1218 1656 populum
1243 1602 1458 1643 dissensio
1489 1602 1733 1643 animorum

286 1672 458 1717 exorta,
477 1669 628 1721 quoad
645 1673 665 1699 4
693 1669 873 1710 diversa
893 1670 1003 1710 inter
1024 1681 1072 1709 se
1094 1670 1340 1722 cupientes,
1371 1669 1429 1709 ad
1459 1673 1734 1722 postremum

287 1733 331 1773 in
350 1737 500 1786 partes
522 1734 812 1777 discederent.
871 1736 958 1776 Per
978 1736 1093 1777 idem
1115 1739 1289 1789 tempus
1312 1735 1558 1785 Menelaus,
1579 1736 1738 1789 appul-

287 1812 365 1840 sus
399 1799 605 1851 Cretam,x
642 1806 800 1843 cuncta
841 1816 975 1857 super
1008 1802 1340 1856 Agamemnone
1378 1815 1597 1857 regnoque
1635 1802 1735 1856 ejus

897 1920 1134 1932 &OOOOUOOOO‘O

329 1982 349 2009 2
373 1979 493 2020 Delpli.
510 1980 664 2013 adiice—3
688 1982 850 2024 Vinding.
864 1983 1046 2024 legendum
1063 1988 1162 2024 putat
1176 1985 1409 2016 animatum—4
1424 1984 1547 2025 Delph.
1561 1984 1650 2024 quod.

939 2078 1081 2111 NOTAE

331 2143 342 2156 ¹
362 2137 590 2179 Remeat-imus]
606 2139 733 2170 Verum
747 2140 804 2171 alii
819 2141 984 2182 scribunt,

288 2186 522 2223 Idomeneum,
542 2189 648 2219 Creta
670 2191 854 2231 repulsum,
871 2193 985 2223 Salen-

288 2236 377 2266 tinos
389 2246 526 2278 campos
543 2237 575 2268 in
589 2237 691 2269 Italia
702 2239 882 2277 obsedisse,
896 2241 984 2272 unde

290 2285 322 2315 in
341 2285 456 2317 Asiam
473 2296 626 2318 reversus
645 2288 787 2322 interiit.
833 2291 901 2322 Alii
919 2296 985 2323 tra-

289 2334 385 2371 dunt,
402 2345 478 2368 eum
495 2346 666 2369 reversum
685 2340 774 2380 apud
791 2339 986 2381 Apollinem

290 2384 438 2417 Clarium
457 2386 662 2417 consedisse.

331 2435 340 2454 ²
367 2436 544 2467 Transactis
553 2436 699 2476 pueritioe
706 2437 814 2478 annis]
831 2439 986 2482 orestes,

290 2493 366 2514 cum
380 2485 566 2525 AEgisthum
579 2486 720 2527 occidit,
731 2493 828 2520 natus
840 2494 915 2521 erat.
928 2500 985 2521 an-

289 2544 349 2565 nos
364 2537 417 2565 23.

333 2589 347 2604 ¹¹
360 2584 442 2615 Orat
459 2585 664 2626 Idomeneum,
675 2586 722 2618 uti
735 2588 850 2629 secum]
862 2590 986 2622 Totum

288 2633 391 2671 istud,
407 2634 450 2664 de
474 2635 608 2665 auxiliis
624 2635 667 2666 ab
685 2637 812 2669 Oreste
832 2649 987 2680 corroga-

290 2683 334 2713 tis
358 2688 394 2713 ut
418 2688 547 2723 patrem
571 2694 666 2715 suum
691 2686 924 2725 ulcisceretur,
945 2690 987 2721 ab

290 2732 364 2770 ipso
388 2732 490 2772 Dicty
508 2731 622 2763 fictum
643 2738 708 2765 est.
754 2736 896 2769 Orestes
913 2740 987 2779 qui-

291 2780 367 2811 dem
384 2781 553 2813 oraculum
578 2784 726 2824 aceepit,
739 2794 806 2825 quo
828 2787 986 2828 Clytaem-

1038 2146 1187 2173 nestram
1209 2146 1354 2173 matrem
1377 2146 1413 2173 et
1431 2141 1618 2180 AEgisthum
1643 2140 1739 2171 adul-

1040 2196 1150 2223 terum
1174 2190 1368 2222 interficere
1390 2191 1590 2231 jubebatur,
1614 2200 1679 2221 non
1704 2191 1738 2221 vi

1039 2251 1116 2272 cum
1146 2242 1255 2281 copiis
1285 2241 1428 2279 irruens,
1460 2241 1519 2272 sed
1549 2241 1639 2276 dolo,
1671 2243 1736 2272 &c.

1037 2291 1127 2323 Vide
1147 2292 1304 2331 Sopliocl.
1324 2291 1357 2321 in
1374 2291 1523 2328 Electra,
1538 2290 1686 2331 AEschyl.
1704 2290 1738 2320 in

1038 2339 1220 2371 Eumenid.
1246 2339 1400 2380 Euripid.
1428 2339 1461 2369 in
1484 2338 1622 2378 Oreste,
1645 2338 1739 2379 Iphi-

1039 2389 1152 2430 genia,
1166 2394 1202 2420 et
1217 2389 1369 2429 Electra,
1386 2388 1512 2429 Hygin.
1529 2388 1614 2419 Fab.
1630 2391 1705 2419 119.

1081 2445 1095 2459 v
1113 2441 1209 2479 Cujus
1210 2439 1285 2480 filia
1295 2439 1327 2469 in
1336 2438 1567 2470 matrimonium
1578 2437 1738 2478 AEgistki]

1041 2489 1118 2521 Non
1145 2489 1281 2520 memini
1308 2497 1361 2519 me
1387 2488 1505 2528 legisse
1529 2488 1622 2526 alibi,
1643 2488 1737 2519 Stro-

1039 2540 1153 2580 phium
1168 2538 1312 2579 AEgisthi
1327 2547 1479 2569 socerum
1494 2536 1610 2568 fnisse.

1082 2594 1103 2610 w
1124 2589 1299 2629 Statimque
1323 2589 1402 2628 quod
1425 2587 1592 2627 AEgisthus
1613 2587 1738 2628 aberat]

1039 2640 1091 2672 Ex
1105 2639 1262 2680 Sopliocl.
1278 2639 1311 2669 in
1327 2639 1476 2669 Electra.

1081 2693 1098 2709 ⁸
1120 2690 1186 2720 Per
1201 2689 1284 2719 idem
1307 2690 1424 2727 tempus
1440 2687 1614 2726 Menelaus,
1627 2687 1738 2726 appul-

1041 2749 1093 2770 sus
1111 2739 1253 2779 Cretam]
1288 2737 1412 2767 Verum
1434 2742 1488 2767 est
1513 2745 1555 2767 ex
1574 2736 1737 2775 Homero,

1043 2789 1235 2821 Menelaum
1261 2798 1278 2818 a
1302 2787 1405 2818 Sunio
1428 2785 1636 2818 Athenarum
1660 2795 1738 2827 pro-
