1915 3231
315 336 400 378 336
810 348 1023 379 nARnris
1056 347 1264 378 PnRYGu

318 444 453 490 mato,
477 445 522 482 et
547 440 833 495 jurejurando
868 441 1083 490 astricto‚⁰
1119 441 1275 481 suadet
1308 439 1592 494 Polydamas,
1625 446 1757 482 noctu

317 507 555 547 exercitum
575 506 631 547 ad
660 511 831 559 portam
859 506 1033 546 Scaeam
1055 511 1103 546 ut
1124 506 1363 556 adducant,
1384 508 1462 548 ubi
1482 509 1757 549 extrinsecus

318 577 456 625 caput
476 574 577 626 equi
599 573 765 627 pictum
787 578 891 622 est,p
921 573 984 613 ibi
1003 573 1213 626 praesidia
1231 573 1392 614 habere
1414 580 1544 615 noctu
1563 573 1758 615 Anteno-

317 652 409 679 rem
426 652 524 680 cum
545 638 752 688 Anchise,
770 639 1076 692 exercitusque
1097 643 1235 679 noctu
1263 644 1433 692 portam
1459 644 1757 690 reseraturos,‘¹

319 706 471 759 eisque
491 706 636 745 lumen
657 705 919 758 prolaturos.
979 704 1035 744 Id
1057 704 1226 756 signum
1247 705 1492 757 eruptionis
1511 705 1615 764 fore,
1637 706 1757 759 quod

316 772 381 813 ibi
402 775 567 825 praesto
587 772 726 812 forent
746 772 821 824 qui
853 771 910 811 ad
941 771 1105 823 regiam
1142 783 1218 811 eos
1251 771 1426 811 ducant.
1486 772 1590 826 [41.]
1621 772 1756 812 Post-

319 851 450 892 quam
473 842 628 891 pacta9
648 837 907 878 confirmata
926 842 1045 887 sunt,
1068 837 1335 890 Polydamas
1355 838 1401 877 in
1421 838 1634 890 oppidum
1656 838 1756 879 red-

318 905 386 954 it,¹
428 904 544 945 facta
579 905 814 953 renuntiat,
850 903 956 944 dicit
985 903 1201 944 Antenori
1234 908 1277 944 et
1311 904 1482 953 AEueae,
1514 905 1759 957 ceterisque

319 970 579 1023 quibuscum
598 974 742 1010 actum
760 974 869 1019 erat,
892 974 941 1011 ut
973 983 1079 1010 suos
1111 982 1262 1010 omnes
1295 970 1349 1010 ad
1382 970 1555 1010 Scaeam
1590 974 1760 1023 portam

319 1036 557 1085 adducant,
578 1041 715 1076 noctu
737 1036 909 1077 Scaeam
929 1041 1102 1089 portam
1124 1035 1339 1088 aperiant,
1358 1036 1501 1077 lumen
1518 1036 1759 1084 ostendant,

318 1104 557 1143 exercitum
578 1102 874 1143 introducant.
931 1101 1130 1142 Antenor
1151 1105 1195 1141 et
1215 1102 1382 1142 AEneas
1411 1105 1547 1142 noctu
1579 1101 1635 1142 ad
1656 1114 1758 1154 por-

318 1174 407 1210 tam
443 1173 608 1221 praesto
639 1168 823 1218 suerunt,
846 1167 1188 1220 Neoptolemum
1219 1171 1527 1220 susceperunt,
1546 1167 1760 1209 exercitui

318 1239 485 1289 portam
505 1239 818 1285 reseraverunt,
849 1235 998 1275 lumen
1028 1233 1324 1282 ostenderunt,
1360 1234 1477 1285 fugae
1507 1233 1761 1287 praesidium

320 1303 404 1343 sibi
427 1306 470 1343 et
490 1301 582 1342 suis
603 1302 805 1342 omnibus
826 1305 872 1342 ut
891 1304 1008 1342 esset
1027 1300 1375 1354 postulaverunt.
1436 1299 1762 1353 Neoptolemus

318 1368 602 1422 irruptionem
633 1368 753 1418 facit,
785 1367 1007 1421 Trojanos
1029 1367 1179 1416 caedit,
1210 1367 1491 1420 persequitur
1523 1367 1761 1416 Priamum,

319 1448 445 1488 quem
479 1439 578 1475 ante
615 1447 734 1475 aram
771 1434 930 1475 Jovisr
965 1434 1210 1474 obtruncat.
1271 1431 1478 1482 Hecuba,
1513 1431 1617 1472 dum
1651 1431 1763 1484 fugit

320 1514 421 1542 cum
460 1500 706 1554 Polyxena,
745 1501 898 1541 AEneae
940 1500 1147 1549 occurrit,
1183 1498 1462 1552 Polyxenam
1496 1498 1537 1538 ei
1568 1497 1762 1547 tradidit,

320 1580 451 1620 quam
473 1568 641 1608 AEneas
671 1567 727 1608 ad
758 1570 924 1621 patrem
945 1564 1186 1606 Anchisem
1213 1564 1457 1605 abscondit.
1516 1563 1763 1605 Androma-

321 1633 406 1674 cha
424 1637 467 1674 et
488 1633 739 1674 Cassandra
773 1634 817 1673 in
839 1632 935 1673 aede
965 1631 1213 1672 Minervae*
1245 1644 1293 1671 se
1328 1635 1495 1683 tegunt.
1553 1630 1671 1672 Tota
1690 1630 1762 1673 die

320 1703 363 1740 et
391 1704 522 1740 nocte
556 1699 709 1751 Argivi
742 1712 829 1739 non
863 1703 1039 1739 cessant
1072 1702 1261 1747 vastare,
1295 1697 1490 1751 praedam
1523 1700 1762 1751 asportare.

320 1765 428 1819 [42]
459 1766 700 1819 Postquam
723 1765 817 1806 dies
847 1765 1010 1814 illuxit,
1043 1763 1343 1817 Agamemnon
1377 1776 1524 1804 omnes
1554 1764 1687 1804 duces
1717 1763 1762 1803 in

322 1845 466 1872 arcem
481 1832 693 1873 Minervae
714 1835 959 1873 convocat:
984 1831 1083 1872 Diis
1105 1831 1265 1882 gratias
1282 1830 1387 1881 agit,
1408 1830 1654 1870 exercitum
1673 1829 1764 1870 col-

321 1897 489 1948 laudat,
520 1911 691 1939 omnem
723 1898 915 1952 praedam
945 1896 1075 1950 jubet
1106 1897 1148 1936 in
1181 1895 1373 1936 medium
1399 1895 1568 1937 afferri:
1597 1909 1692 1937 earn
1715 1908 1762 1936 se

922 2012 1157 2026 aeaeaeaeaeaeaeaeaeaeaeae

364 2080 384 2107 9
404 2077 498 2109 Facta
516 2078 699 2119 Delph.—l
728 2080 834 2110 Rediit
853 2078 1039 2119 Delph.—*
1065 2079 1243 2109 Concordiae
1269 2077 1392 2118 Delph.
1420 2077 1530 2118 Supra
1553 2086 1608 2119 ap.
1631 2076 1760 2118 Dictyn

324 2126 358 2149 v.
377 2122 427 2150 12.
444 2119 532 2162 fugit
553 2122 562 2138 ‘
577 2121 765 2153 Cassandra
781 2123 813 2152 in
832 2122 937 2152 aedem
955 2120 1144 2152 Minervae:

975 2246 1116 2279 NOTAE

324 2317 406 2349 bant
422 2329 428 2346 :
463 2318 558 2359 cujus
582 2319 630 2350 rei
646 2320 751 2351 multa
767 2324 835 2352 tam
852 2330 894 2352 ex
911 2320 1015 2352 sacris

323 2378 423 2409 quam
460 2378 502 2399 ex
537 2368 686 2410 profanis
718 2370 826 2402 literis
857 2371 1015 2411 exempla

322 2426 500 2459 congeras.

365 2472 380 2487 ⁰
406 2468 446 2498 Et
453 2467 656 2506 jureJ'urando
671 2469 816 2509 astricto]
839 2468 949 2500 Paeto
964 2478 1015 2499 as-

325 2515 425 2548 tricto
442 2517 675 2558 jurejurando,
691 2517 724 2547 id
747 2521 813 2558 est,
826 2526 888 2558 per
905 2517 1015 2558 jusju-

322 2565 474 2597 randum.

366 2620 382 2641 ι)
409 2615 469 2646 Ubi
493 2615 684 2647 extrinsecus
706 2620 795 2658 caput
810 2617 879 2657 equi
901 2617 1018 2658 pictum

322 2665 383 2705 est]
407 2664 523 2696 Innuit
543 2666 620 2706 eqni
642 2666 741 2705 lignei
762 2666 886 2698 fabulae
907 2667 1016 2698 locum

323 2713 459 2745 dedisse
481 2718 586 2753 caput
607 2715 773 2755 equinum,
798 2715 887 2756 quod
908 2720 1016 2756 portae

323 2764 440 2803 Seme,
467 2772 564 2803 quam
592 2763 724 2795 Graecis
754 2763 909 2796 Antenor
935 2774 1016 2805 ape-

324 2813 406 2850 ruit,
447 2812 646 2853 inscriptum
681 2813 757 2845 fuit.
803 2815 937 2854 Nempe
973 2824 1015 2845 ex

325 2861 462 2892 Servio:
479 2862 488 2877 ‘
503 2862 548 2893 Ut
563 2862 632 2902 alii,
649 2867 758 2904 porta,
773 2872 869 2905 quam
883 2864 930 2896 eis
948 2864 1015 2896 An-

1070 2324 1169 2351 tenor
1183 2320 1330 2361 aperuit,
1344 2329 1464 2361 equum
1481 2319 1598 2352 habuit
1615 2317 1765 2361 pictum?

1069 2370 1138 2403 Sed
1155 2369 1230 2401 vide
1246 2371 1343 2410 plura
1359 2369 1448 2410 apud
1466 2370 1608 2410 Dictyn,
1625 2378 1679 2401 vr.

1111 2426 1127 2447 ‘1
1154 2421 1377 2460 Exercitusqne
1399 2424 1492 2450 noctu
1508 2423 1632 2460 portam
1646 2430 1765 2452 resem-

1069 2470 1170 2510 turos]
1202 2469 1320 2500 Malim
1334 2469 1481 2507 omnino,
1494 2470 1504 2488 ⁸
1519 2468 1765 2510 exercituique,

1070 2518 1157 2560 (vel‘
1167 2517 1428 2559 exercituque‚’)
1437 2517 1643 2548 Antenorem
1653 2522 1687 2548 et
1698 2517 1767 2549 An-

1071 2570 1195 2601 chisem
1211 2574 1313 2600 noctu
1329 2573 1538 2599 reseraturos
1552 2572 1684 2609 portam
1707 2578 1766 2600 ex-

1071 2617 1217 2656 ercitui:
1239 2617 1435 2649 Graecorum
1457 2617 1599 2648 scilicet.
1644 2617 1765 2659 Neque

1071 2668 1159 2700 enim
1179 2667 1304 2698 dixisse
1325 2666 1436 2707 potuit
1452 2667 1578 2706 Dares,
1593 2666 1766 2698 exercitus

1070 2717 1232 2758 Trojauos
1249 2719 1379 2757 portam
1395 2719 1616 2753 reseratur-os,
1629 2723 1705 2746 cum
1716 2719 1767 2747 to·

1070 2771 1142 2798 tum
1164 2765 1350 2796 exercitum
1373 2763 1527 2795 Antenor
1545 2767 1582 2795 et
1596 2763 1716 2795 AEneas
1732 2764 1765 2795 in

1068 2824 1144 2848 suas
1163 2818 1276 2854 partes
1293 2822 1356 2844 non
1373 2814 1568 2844 traxissent.

1111 2869 1123 2885 ⁷
1145 2863 1227 2896 Ante
1241 2872 1327 2895 aram
1341 2861 1446 2902 Jovis]
1471 2862 1558 2894 Vide
1575 2862 1716 2903 Dictyn,
1729 2870 1762 2894 v.
