1915 3231
600 300 662 330 DE
698 299 853 329 BELLo
885 298 1110 330 TROJANO
1143 301 1239 332 Lm.
1274 304 1315 333 v.
1589 296 1672 337 251

225 394 281 436 ad
320 406 424 435 suos
464 392 655 447 quisque
694 393 871 434 abeunt.
942 391 1149 434 Ceterum
1190 395 1363 437 barbari
1404 396 1670 441 Antenorem

224 462 405 503 summis
429 459 578 502 efferre
605 459 830 508 laudibus,
852 459 1155 502 advenientem
1185 462 1347 515 singuli
1368 466 1498 518 quasi
1522 467 1669 508 Deum

222 528 440 570 venerari:
471 527 613 568 solum
654 527 819 581 quippe
848 528 1043 568 omnium
1073 528 1251 570 credere
1280 535 1504 572 auctorem
1545 535 1672 586 pacis

220 594 332 648 ejus,
351 595 595 649 coitaeque⁷
626 607 726 635 cum
747 594 917 635 Graecis
947 595 1172 637 amicitiae.
1232 596 1302 637 Ita
1318 599 1462 652 sopito
1481 600 1574 653 jam
1595 613 1672 641 ex·

220 661 322 703 inde
341 661 470 712 bello,
489 661 654 715 passim
674 661 741 702 uti
763 663 947 715 quisque
966 663 1157 715 partium
1175 663 1394 715 voluerat,
1415 678 1532 707 nunc
1548 666 1672 709 Grae·

220 729 262 770 ci
301 741 400 770 cum
429 728 658 782 Trojanis,
689 741 929 782 rursusque
959 728 1004 768 hi
1033 729 1152 782 apud
1190 742 1329 771 naves
1360 733 1500 773 amice
1532 745 1671 785 agere.

221 797 398 839 Interim
420 797 495 838 ubi
507 796 653 838 foedus
673 797 977 844 intervenerat,
991 795 1140 836 cuncti
1152 795 1432 838 barbarorum
1452 799 1580 848 socii,
1594 801 1671 854 qui

219 865 339 906 bello
358 863 519 906 residui
539 867 673 913 erant,
695 862 960 916 gratulantes
976 862 1216 904 interventu
1231 864 1359 917 pacis
1375 865 1431 906 ad
1454 879 1560 908 suos
1583 867 1671 909 dis-

220 931 393 982 cedunt,
421 944 475 972 ne
507 931 784 985 opperientes
814 929 989 983 quidem
1009 931 1194 984 praemia
1215 934 1432 973 tantorum
1454 933 1670 976 discrimi-

218 1010 325 1039 num
346 1002 476 1051 atque
498 1010 803 1046 aerumnarum,
825 997 993 1038 scilicet
1021 997 1159 1048 veriti,
1180 1011 1235 1039 ne
1258 1012 1348 1052 qua
1362 1005 1388 1022 ¹¹¹
1419 1002 1536 1053 pacti
1557 1001 1668 1044 fides

219 1065 338 1119 apud
357 1066 566 1107 barbaros
587 1064 912 1106 dissolveretur.
957 1063 1066 1117 [ll.]
1094 1064 1277 1107 Interim
1299 1067 1418 1121 apud
1436 1081 1587 1120 naves,
1606 1071 1669 1111 uti

219 1132 398 1173 Heleno
429 1132 669 1186 placuerat,
689 1144 830 1185 equus
860 1131 1100 1173 tabulatis¹¹
1127 1134 1371 1175 exstruitur
1399 1148 1476 1189 per
1506 1135 1668 1190 Epium

217 1199 522 1241 fabricatorem
544 1198 643 1253 ejus
663 1199 806 1253 operis
821 1212 831 1240 :
845 1203 862 1221 ⁰
892 1199 964 1240 cui
979 1198 1099 1240 edito
1116 1200 1161 1240 in
1177 1200 1432 1243 immensum
1453 1202 1543 1245 ima
1563 1216 1665 1258 quae

219 1267 301 1308 sub
333 1266 518 1321 pedibus
543 1270 674 1307 erant
702 1266 840 1307 rotisp
871 1265 1147 1319 interpositis
1174 1268 1473 1321 suspenderat,
1495 1271 1669 1311 scilicet

217 1346 306 1386 quo
345 1337 566 1375 attractuq
596 1337 744 1374 motus
779 1332 959 1374 facilius
988 1333 1124 1375 foret:
1158 1347 1290 1388 quem
1329 1335 1473 1376 offerri
1505 1336 1667 1378 donum

217 1399 432 1442 Minervae
471 1399 750 1450 maximum,8
798 1400 992 1441 omnium
1032 1412 1106 1440 ore
1145 1401 1408 1452 agitabatur.
1467 1402 1667 1445 Ceterum

216 1467 335 1520 apud
374 1467 557 1521 Trojam
589 1466 682 1508 auri
712 1471 848 1520 atque
877 1466 1042 1520 argenti
1077 1467 1340 1520 praedictum
1378 1469 1554 1522 pondus
1589 1483 1668 1523 per

218 1533 488 1575 Antenorem
511 1539 641 1587 atque
662 1534 848 1575 AEneam
870 1546 1043 1574 summo
1065 1533 1215 1575 studio
1234 1534 1280 1575 in
1296 1534 1436 1576 aedem
1452 1536 1666 1579 Minervae

214 1602 483 1655 portabatur.
523 1600 581 1641 Et
599 1599 768 1649 Graeci,
790 1606 1028 1654 postquam
1049 1601 1219 1642 auxilia
1239 1602 1465 1642 sociorum
1480 1602 1668 1646 dimissa

214 1668 437 1722 cognitum
459 1672 542 1717 est,
567 1667 807 1720 impensius
836 1679 991 1720 pacem
1012 1672 1148 1721 atque
1171 1668 1410 1709 amicitiam
1430 1670 1666 1722 agitavere,

212 1736 330 1778 nullo
364 1735 553 1776 exinder
583 1734 872 1775 barbarorum
903 1734 1146 1784 interfecto,
1185 1738 1262 1776 aut
1290 1735 1546 1788 vulnerat03
1577 1751 1666 1791 quo

211 1803 352 1856 magis
373 1803 466 1843 sine
483 1801 577 1843 ulla
599 1801 920 1842 discordiarum
948 1801 1202 1855 suspicione
1224 1802 1341 1855 apud
1362 1802 1515 1844 hostes
1532 1804 1667 1846 fuere.

214 1871 328 1912 Dein
366 1883 528 1924 equum
569 1872 850 1923 compactum
880 1868 1042 1909 affabre
1077 1869 1392 1923 confixumque
1422 1869 1478 1911 ad
1515 1884 1666 1913 muros

211 1940 407 1986 movent,
447 1937 740 1990 praenuntiato
771 1935 993 1989 Trojanis‚
1025 1937 1090 1977 uti
1120 1950 1220 1978 cum
1257 1950 1428 1978 summa
1456 1938 1664 1990 religione

213 2005 501 2059 susciperent,
526 2003 740 2044 Minervae
762 2002 938 2044 scilicet
957 2015 1146 2053 sacrum,
1168 2003 1464 2058 dicatumque.
1518 2004 1665 2056 Quare

819 2121 1058 2134 000000000000

212 2209 364 2241 voculam
380 2209 486 2241 ivn—7
510 2209 638 2251 Delph.
652 2208 857 2241 adscita—8
879 2209 1005 2251 Delph.
1023 2216 1058 2242 et
1074 2210 1176 2251 vulgo
1191 2210 1337 2241 maxime.

870 2317 1010 2350 NOTAE

253 2397 277 2413 ¹¹¹
300 2392 351 2424 Ne
366 2392 440 2434 qua]
462 2392 517 2424 Ne
542 2401 609 2434 qua
630 2391 696 2424 via.
742 2391 800 2425 Sic
826 2400 914 2423 sem·
1010 2396 1025 2417 ‘³
1049 2390 1178 2422 Scilicet
1190 2400 1248 2430 quo
1259 2388 1412 2430 attractu]
1436 2389 1560 2427 Series,
1575 2392 1585 2409 ‘
1600 2392 1663 2424 sci-

211 2452 275 2484 per
289 2442 430 2483 Dictys.
966 2442 1049 2474 licet
1066 2452 1131 2481 quo
1147 2446 1257 2472 motus
1272 2439 1406 2471 facilins
1431 2439 1522 2472 foret
1539 2445 1664 2474 atti-ac-

253 2500 269 2515 ¹¹
308 2493 486 2535 Tabulatis]
526 2494 536 2512 ‘
555 2493 748 2527 Roboribus
788 2492 915 2526 textis.'
966 2491 1028 2524 tu.'
1075 2490 1114 2522 Id
1137 2495 1212 2522 est:
1243 2492 1252 2508 ⁴
1271 2490 1348 2522 Quo
1364 2488 1495 2521 facilius
1511 2496 1663 2523 attractu

210 2544 333 2585 virgil.
966 2540 1185 2575 moveretur.’

254 2599 269 2614 ⁰
292 2593 524 2626 Fabricatorem
552 2594 668 2636 operis]
699 2593 823 2634 Virgil.
845 2593 914 2625 ‘Et
1009 2596 1022 2612 ¹
1044 2592 1141 2622 Nullo
1155 2589 1283 2630 exinde]
1315 2589 1420 2622 Quasi
1435 2598 1516 2619 vero
1532 2593 1567 2620 et
1583 2593 1663 2622 ante

212 2642 286 2684 ipse
302 2643 371 2676 doli
388 2643 576 2676 fabricator
592 2643 729 2684 Epeus!
966 2640 1134 2673 sociorum
1171 2639 1370 2674 discessum,
1403 2643 1479 2678 post
1510 2638 1664 2678 juratam

256 2697 273 2718 P
294 2693 364 2725 Ima
385 2704 453 2734 quae
473 2694 527 2724 sub
546 2694 676 2734 pedibus
694 2698 795 2736 erant,
821 2694 913 2733 rotis,
965 2699 1098 2731 pacem,
1116 2688 1251 2730 quidam
1274 2697 1294 2719 a
1317 2687 1448 2719 Graecis
1470 2689 1524 2720 vel
1547 2690 1664 2721 vulne-

214 2743 286 2784 δρα]
323 2743 394 2774 Sub
420 2743 566 2784 pedibus
591 2749 684 2776 rotas
702 2744 911 2786 subjecerat.
966 2739 1031 2771 rati
1047 2739 1114 2770 sint
1128 2738 1181 2769 vel
1196 2736 1392 2769 interfecti:
1419 2736 1596 2770 ridiculum
1611 2749 1661 2771 sa·

214 2793 310 2832 Virg.
328 2802 370 2824 11.
394 2794 466 2825 AEn.
494 2794 504 2811 ‘
519 2794 737 2836 Pedibusque
761 2799 910 2827 rotarum
964 2799 1020 2827 ne,
1037 2794 1072 2821 et
1086 2788 1136 2821 sui
1153 2788 1206 2820 hic
1223 2787 1350 2820 oblitus
1367 2791 1420 2820 est
1435 2788 1574 2829 Dictys.

216 2843 409 2884 Subjiciunt
424 2844 560 2884 lapsus?
