1915 3231
539 314 599 343 DE
634 313 791 342 BELLo
823 312 1050 343 TROJANO
1086 313 1180 343 Lus.
1213 313 1242 342 1.
1530 303 1615 345 105

167 408 284 449 Jove
318 406 544 460 gravidam
579 407 834 449 Dardanum
874 408 1090 461 genuisse.
1149 408 1221 449 Ex
1261 421 1350 462 quo
1385 407 1526 458 Tros,i
1567 415 1612 450 et

168 474 378 526 deinceps
413 474 600 517 insecuti
633 487 755 528 reges
790 475 880 516 Ilii.
937 473 1155 528 Agenoris
1189 488 1318 529 porro
1351 475 1611 529 Taygetam,

168 553 350 593 eamque
370 553 429 581 ex
447 540 562 583 Jove
583 541 788 582 habuisse
807 541 1188 591 Lacedaemonem,
1204 554 1261 582 ex
1277 555 1365 594 quo
1377 540 1614 594 Amyclam

167 609 329 656 natum,
361 620 420 648 ex
450 610 514 649 eo'
533 607 747 661 Argalum
776 612 943 661 patrem
976 609 1146 658 OEbali,
1177 622 1307 662 quem
1326 608 1536 661 Tyndari,
1555 620 1614 647 ex

169 685 256 726 quo
292 673 391 726 ipsa
423 676 568 727 genita
602 675 835 725 videretur,
868 680 1034 729 patrem
1067 679 1301 716 constaret.
1361 675 1614 727 Repetebat

167 738 300 779 etiam
321 751 422 779 cum
454 741 644 782 Hecuba
672 741 852 783 materni
884 743 1051 794 generis
1072 741 1339 783 affinitatem.
1400 740 1614 793 Agenoris

167 805 334 859 quippe
357 806 605 858 Phineum,'‘
637 812 681 849 et
704 808 861 862 Dymae
892 808 1032 862 patris
1056 808 1254 849 Hecubae
1283 811 1324 849 et
1354 807 1487 848 Ledae
1508 819 1613 847 con-

766 926 1007 940 eeeeeeeeeeee

167 1013 203 1041 et
220 1010 334 1052 vulgo,
350 1011 487 1044 Pleiona.
521 1013 587 1044 ΜΒ.
601 1022 698 1052 unus,
715 1013 815 1051 Iono5
837 1014 936 1048 alter,
963 1014 1046 1044 Ono.
1083 1013 1168 1053 Arg.
1183 1012 1278 1044 Sana.
1303 1011 1397 1043 Med.
1413 1011 1613 1041 Plesione.—-

820 1130 960 1162 NOTAE

406 1193 503 1224 Belus
514 1195 625 1233 genuit

255 1244 269 1271 1
294 1242 464 1282 Danaum,
480 1244 538 1284 qui

249 1293 269 1321 2
293 1290 480 1331 Pleionam,
496 1302 570 1332 quae

251 1342 270 1369 3
295 1340 477 1380 Electram,
493 1351 569 1381 quae

249 1393 271 1421 4
293 1390 506 1430 Dardanum,
519 1393 576 1433 qui

248 1443 267 1470 5
292 1440 559 1481 Erichthonium,
575 1443 631 1484 qni

251 1493 271 1520 6
292 1489 426 1529 Troem,
442 1491 499 1531 qui

251 1542 269 1570 7
295 1540 395 1575 Ilum,
408 1541 466 1581 qui

293 1590 569 1631 Laomedontem,
586 1592 642 1633 qui

291 1639 478 1681 Priamum,
495 1643 552 1683 qui

292 1689 463 1722 Paridem.

163 1743 289 1783 Quare,
303 1747 340 1773 ut
357 1743 462 1780 vides,
477 1744 699 1776 remotissima
711 1749 785 1776 erat
798 1744 864 1776 Pa-

163 1793 247 1824 ridis
277 1798 312 1824 et
343 1794 484 1824 Helenae
516 1795 686 1835 cognatio.
733 1795 800 1826 Sed
826 1799 862 1827 et

162 1844 268 1876 multa
283 1845 385 1876 etiam
401 1846 435 1876 in
451 1846 514 1878 hac
529 1847 628 1887 serie,
650 1851 770 1879 contra
791 1857 860 1878 om-

163 1895 254 1926 nium
270 1899 445 1926 auctorum
461 1897 686 1928 sententiam:
710 1907 786 1928 nam
813 1898 861 1929 ibi

163 1944 308 1976 Pleiona
325 1945 435 1976 Danai
453 1945 535 1982 filia,
553 1957 654 1988 quam
674 1948 730 1979 alii
748 1948 860 1979 Ocea-

162 1994 210 2035 ni,
229 1999 266 2026 et
289 1995 447 2036 Taygeta
472 1996 653 2038 Agenoris,
677 2007 777 2040 quam
805 1998 861 2030 alii

407 2048 463 2079 Ex
476 2050 617 2091 Electra,

251 2098 266 2127 1
291 2096 445 2137 Danaus,
460 2099 518 2139 qui

245 2149 266 2177 2
290 2146 557 2189 Erichthonium,
572 2150 630 2191 qui

247 2198 267 2226 3
291 2195 426 2236 Troem,
443 2199 501 2238 qui

248 2248 268 2276 4
291 2245 392 2285 Ilum,
408 2247 465 2287 qui

247 2297 266 2324 5
294 2295 568 2335 Laomedontem,
583 2297 640 2338 qui

247 2345 269 2373 6
290 2343 476 2380 Priamum,
494 2346 549 2386 qui

249 2394 269 2423 7
293 2392 466 2426 Paridem.

207 2492 215 2514 ¹
238 2493 292 2524 Ex
311 2504 368 2534 quo
389 2493 480 2534 Tros]
500 2494 755 2527 Erichthonium
772 2506 860 2538 prae-

164 2543 267 2581 terit;
291 2548 329 2574 ut
344 2553 386 2575 ex
401 2545 633 2584 superioribus
650 2551 759 2586 patet.

207 2592 222 2613 ¹⁵
244 2592 401 2632 Agenoris
428 2594 537 2634 quippe
559 2595 715 2626 Phineum
737 2595 861 2637 [filium

165 2642 356 2684 Phoenicem]
373 2643 557 2684 Legebam,
568 2649 576 2663 ‘
587 2643 755 2685 Agenoris
764 2647 861 2687 quip-

166 2701 211 2733 pe
225 2692 330 2724 filium
355 2693 566 2734 Phoenicem‚
586 2699 620 2725 et
641 2694 766 2727 deinde
788 2696 861 2726 He·

167 2742 287 2774 cubam
320 2747 357 2774 et
389 2743 517 2774 Ledam
556 2745 862 2785 consanguinitatis

166 2791 331 2831 originem
361 2791 537 2824 divisisse:
596 2793 719 2835 Neque
750 2799 863 2826 tamen

171 2840 249 2871 mihi
266 2840 314 2872 sic
332 2840 602 2873 satisfaciebam:
622 2843 656 2874 in
683 2844 766 2875 Mss.
791 2850 799 2862 ·
819 2845 864 2876 Et

1137 1194 1264 1232 Agenor
1277 1193 1387 1232 genuit

1005 1248 1017 1275 l
1044 1244 1248 1285 Taygetam,
1264 1253 1339 1283 quae

1001 1297 1020 1324 2
1047 1294 1331 1328 Lacedaemonem,
1348 1293 1406 1333 qui

1002 1346 1020 1373 3
1046 1342 1236 1382 Amyclam,
1250 1343 1308 1382 qui

1001 1395 1021 1422 4
1045 1391 1222 1431 Argalum,
1239 1391 1294 1431 qui

1001 1446 1019 1473 5
1045 1442 1211 1482 OEbalum,
1228 1442 1284 1482 qui

1000 1495 1021 1522 6
1043 1491 1253 1532 Tyndarum,
1266 1492 1322 1533 qui

1001 1544 1020 1571 7
1045 1541 1224 1572 Helenam.

918 1741 1082 1782 Atlantis,
1123 1746 1159 1774 et
1189 1742 1329 1774 OEbalus
1358 1741 1477 1784 Argali
1511 1743 1614 1783 filius,

919 1802 1018 1834 quem
1035 1792 1092 1823 alii
1110 1792 1260 1824 Perieris
1276 1792 1380 1823 filium
1398 1793 1529 1826 dicunt.
1558 1795 1614 1825 Ita

917 1848 954 1874 ut
970 1842 1118 1882 Argalus
1133 1842 1281 1873 Perieris
1298 1843 1480 1873 avunculus
1499 1843 1615 1875 fuerit.

916 1893 1110 1933 Simplicius
1133 1891 1253 1923 fuisset
1282 1891 1410 1931 dicere,
1440 1893 1614 1924 Electram

915 1948 953 1974 et
967 1943 1158 1983 Taygetam
1177 1951 1306 1972 sorores
1323 1941 1487 1979 Pleionae.
1499 1947 1534 1974 et
1552 1942 1614 1973 At—

915 1993 1016 2025 lantis
1031 1992 1118 2024 filias
1135 1991 1252 2022 fuisse.

1153 2046 1208 2076 Ex
1225 2045 1374 2085 Taygeta,

1003 2100 1019 2128 1
1044 2095 1334 2134 Lacedaemonem,
1351 2094 1408 2135 qui

999 2151 1020 2180 2
1043 2148 1237 2188 Amyclam,
1252 2147 1310 2188 qui

1000 2201 1019 2230 3
1045 2199 1221 2239 Argalum,
1234 2198 1291 2238 qui

999 2252 1019 2280 4
1042 2250 1240 2290 Cynortam,
1255 2248 1312 2288 qui

1000 2301 1017 2328 5
1043 2298 1231 2335 Perierem‚
1247 2297 1304 2337 qui

999 2349 1020 2377 6
1042 2347 1214 2386 OEbaluin,
1230 2347 1287 2387 qui

1002 2399 1022 2427 ⁷
1044 2396 1251 2435 Tyndarum,
1268 2395 1324 2436 qui

1002 2447 1022 2476 S
1046 2445 1225 2475 Helenam.

914 2497 1028 2537 Dyme
1041 2496 1146 2536 patris
1161 2495 1314 2526 Hecnbae
1330 2500 1366 2527 et
1380 2496 1505 2530 Ledae:
1527 2497 1615 2530 Item

915 2548 924 2564 ‘
938 2547 979 2576 de
996 2547 1105 2586 Dyme
1119 2545 1140 2576 :’
1164 2545 1251 2576 unde
1268 2546 1318 2575 vir
1333 2545 1454 2577 doetus
1467 2547 1616 2587 legebat,

914 2596 925 2614 ‘
941 2596 1109 2637 Agenoris
1125 2596 1252 2636 quippe
1275 2595 1442 2627 Phineum
1459 2601 1494 2628 et
1514 2597 1615 2628 Phoe-

914 2648 1038 2686 nicem,
1068 2651 1105 2677 et
1135 2645 1214 2676 inde
1248 2651 1363 2685 patres
1393 2646 1549 2678 Hecubae
1579 2652 1616 2679 et

915 2697 1018 2728 Ledae
1049 2695 1353 2736 consanguinitatis
1378 2696 1540 2734 originem
1565 2696 1616 2727 di-

917 2744 1062 2776 visisse!
1101 2744 1168 2775 Sed
1192 2753 1300 2785 neque
1326 2745 1373 2775 sic
1396 2745 1500 2776 etiam
1517 2745 1616 2777 video

919 2794 1087 2836 quomodo
1111 2793 1265 2824 Hecubae
1290 2797 1325 2824 et
1348 2793 1448 2824 Ledae
1475 2803 1617 2825 consan-

919 2844 1092 2886 guinitatis
1107 2843 1196 2876 ratio
1209 2843 1391 2875 constabit.
1428 2843 1477 2874 Ex
1495 2843 1615 2875 iisdem
