1915 3231
544 327 606 356 DE
639 326 797 356 BELLo
830 326 1056 356 'rRoJANo
1092 326 1187 357 Lus.
1220 327 1293 356 111.
1551 317 1634 357 195

184 418 417 471 cipientem
440 419 671 471 proturbat
690 419 833 461 hasta.
892 418 1074 459 Interim
1096 417 1361 471 Euphorbus
1382 431 1408 458 a
1425 418 1633 460 Menelao

183 488 225 525 et
244 483 387 538 Ajace
409 485 548 525 altero
565 484 582 508 ¹³
601 490 794 525 summo³
818 484 967 525 studio
985 485 1321 532 circumventus,
1339 484 1514 524 scilicet
1530 497 1634 525 auc-

183 555 254 592 tor
288 551 506 592 interemti
539 551 680 599 ducis,
715 554 854 591 morte
889 563 1049 604 poenas
1084 550 1180 590 luit.
1241 550 1355 590 Dein
1388 550 1634 602 occipiente

182 629 384 670 vespera,
405 616 607 670 praelium
629 615 859 664 dirimitur,
880 616 995 656 male
1016 620 1059 657 et
1079 629 1178 656 cum
1199 615 1416 656 dedecore
1437 616 1635 669 plurimis

182 689 425 724 nostrorum
447 683 706 724 interfectis.
749 681 859 736 [11.]
876 682 968 723 Sed
990 686 1224 736 postquam
1246 682 1468 724 reductae4
1488 683 1636 722 utrim-

182 763 266 803 que
287 751 422 800 acies,
444 754 489 790 et
517 751 612 804 Jam
645 750 689 790 in
723 753 819 790 tuto
854 749 982 790 miles
1015 755 1161 790 noster
1194 754 1306 803 erat,
1328 749 1477 790 cuncti
1507 762 1634 801 reges

182 816 402 857 Achillem
419 815 695 865 conveniunt,
712 814 1005 857 deformatum
1020 815 1114 868 jam
1138 815 1348 868 lacrymis
1364 820 1379 837 ⁰
1397 820 1528 868 atque
1544 828 1636 855 om-

181 883 226 923 ni
246 883 468 936 supplicio
489 881 784 923 lamentandi:
802 879 820 903 ‘¹
852 882 929 935 qui
949 882 1081 922 modo
1101 886 1346 935 prostratus
1367 881 1502 930 humi,
1520 894 1635 921 nunc

183 949 388 990 cadaveri
409 948 727 1002 superjacens,‘³
768 948 884 989 adeo
918 948 1191 1001 reliquorum
1226 948 1396 989 animos
1418 950 1636 1001 pertenta-

183 1019 319 1065 verat,
353 1020 402 1057 ut
431 1014 555 1069 Ajax
587 1015 737 1064 etiam,
778 1015 854 1067 qui
891 1015 1067 1055 solandi
1101 1027 1241 1056 causa
1276 1015 1492 1063 astiterat,
1528 1014 1637 1054 nihil

182 1081 323 1123 luctui
345 1082 613 1123 remitteret:
644 1093 725 1122 nec
748 1081 942 1121 Patrocli
964 1084 1130 1121 tantum
1150 1093 1268 1121 mors
1290 1080 1492 1133 gemitum
1512 1080 1635 1120 illum

186 1148 356 1188 cunctis
378 1149 640 1197 incusserat,
673 1146 752 1188 sed
789 1147 1011 1199 praecipue
1043 1147 1287 1188 recordatio
1307 1147 1530 1188 vulnerum
1558 1160 1638 1200 per

186 1213 288 1254 loca
309 1215 509 1267 corporis
531 1214 802 1267 pudibunda.
862 1212 998 1264 Quod
1022 1214 1274 1267 exemplum
1291 1214 1530 1267 pessimum
1556 1226 1636 1266 per

187 1281 389 1321 mortales
411 1286 502 1322 tum
524 1281 710 1333 primum
730 1280 948 1334 proditum
968 1285 1052 1330 est,
1073 1293 1294 1333 nunquam
1318 1285 1448 1321 antea
1464 1292 1491 1320 a
1512 1279 1637 1320 Grae-

186 1346 250 1387 cis
272 1347 466 1388 solitum.
527 1347 669 1399 Igitur
688 1359 811 1399 reges
831 1346 984 1387 multis
1005 1348 1212 1400 precibus
1235 1351 1364 1400 atque
1387 1346 1505 1387 omni
1535 1358 1637 1386 con-

186 1413 413 1454 solationis
452 1413 583 1454 modo
622 1413 800 1454 tandem
837 1412 1058 1454 Achillem
1087 1414 1253 1454 flexum
1292 1413 1423 1453 humo
1454 1413 1636 1464 erigunt.

188 1478 299 1518 Dein
320 1479 515 1520 Patrocli
531 1492 693 1532 corpus
710 1480 874 1520 elutum
889 1492 994 1520 mox
1006 1485 1130 1520 veste
1147 1481 1422 1532 contegitur,⁵
1444 1480 1637 1519 maxime

184 1545 241 1585 ob
272 1544 458 1597 tegenda
487 1546 686 1595 vulnera,
723 1558 824 1598 quae
858 1545 1010 1586 multis
1045 1545 1220 1587 modis⁶
1251 1547 1468 1598 impressa
1509 1546 1634 1586 haud

791 1652 868 1663 “ee
871 1652 1029 1664 ΙΝΝΝΟ

183 1707 201 1735 3
226 1704 409 1736 Omittitur
432 1705 466 1736 in
490 1706 617 1746 Delph.
643 1717 708 1738 vox
736 1711 930 1740 summm—4
955 1708 1077 1747 Delpb.
1094 1709 1244 1744 reducum
1267 1712 1304 1739 et
1330 1716 1407 1738 mox
1433 1706 1528 1737 deest
1543 1710 1636 1745 atque

181 1751 259 1787 post
272 1748 492 1788 lucrymis.—5
520 1748 643 1787 Delph.
665 1749 982 1788 circumtegitur.—6
1007 1751 1123 1781 Barth.
1151 1751 1317 1790 probante
1334 1749 1498 1787 Vinding.
1521 1749 1637 1788 legen-

182 1789 261 1823 dum
278 1794 387 1830 putat,
410 1791 536 1821 occultis
552 1791 584 1821 in
600 1791 692 1823 locis.-
718 1796 755 1822 ut
772 1793 978 1833 respiciatur
994 1792 1036 1824 ad
1052 1792 1305 1832 antecedentia,
1330 1793 1339 1810 ‘
1355 1791 1548 1823 recordatio
1566 1791 1636 1821 vul-

836 1864 866 1896 N
874 1865 977 1897 OTAE

172 1924 295 1966 Ἕκτωρ
320 1927 346 1957 δ’
373 1926 417 1967 ἂψ
443 1927 475 1958 ἐς
502 1926 612 1967 ὅμιλον
641 1927 694 1960 ι’ὼν
720 1927 881 1967 ἀνεχάζεθ’

181 1976 317 2016 ἑταίρων.
339 1978 349 1994 ‘
364 1978 453 2017 Ajax
467 1987 548 2009 vero
565 1988 672 2019 prope
685 1979 792 2018 venit,
806 1989 879 2019 ges-

180 2031 255 2058 taus
283 2031 414 2058 scutum
441 2028 546 2059 veluti
573 2033 722 2061 turrem:
750 2029 881 2061 Hector

181 2086 260 2108 vero
286 2082 379 2108 retro
402 2078 434 2108 in
460 2078 713 2110 multitudinem
737 2079 809 2111 iens
827 2088 879 2111 re-

180 2127 327 2158 cedebat
346 2128 538 2159 sociorum.'

223 2176 237 2197 b
259 2177 286 2208 A
316 2178 459 2208 Menelao
482 2181 513 2209 et
535 2177 631 2216 Ajace
649 2179 764 2220 altero]
799 2179 878 2220 Aja-

180 2236 254 2258 cem
272 2227 405 2259 Oileum
426 2228 605 2269 intelligit:
630 2228 690 2260 sed
709 2229 879 2261 Homerus

180 2287 199 2308 a
215 2278 285 2309 solo
309 2278 469 2309 Menelao
494 2278 714 2319 Euphorbum
731 2279 878 2311 occisum

174 2333 308 2367 ,nari-at,
330 2329 427 2360 initio
444 2329 484 2361 Il.
502 2333 535 2361 P.

221 2383 236 2398 θ
259 2377 477 2416 Dfformutum
489 2378 559 2418 jam
572 2378 732 2420 lacrymis]
757 2380 878 2411 Patro-

181 2427 224 2459 cli
239 2428 366 2459 luctum
383 2429 431 2460 sic
448 2429 544 2460 nobis
561 2430 738 2469 eleganter
751 2429 879 2460 descri-

180 2477 231 2508 bit
259 2477 442 2518 Homerus,
466 2479 508 2510 Il.
526 2480 561 2511 Σ.
583 2477 644 2509 Τὸν
668 2479 692 2509 δ’
718 2478 814 2518 ἄχεος
830 2490 878 2509 νε-

182 2526 265 2567 φέλη
291 2528 429 2569 ἐκάλυψε
449 2528 593 2568 μέλαινα,
618 2528 825 2570 Ἀμφοτέρῃσι
847 2528 880 2560 δὲ

178 2577 291 2619 χερσὶν
313 2579 392 2610 ἑλὼν
415 2578 501 2610 κόνιν
522 2577 741 2614 αἰθαλόεσσαν,
757 2578 879 2609 Χεύατο

179 2627 239 2659 κὰκ
262 2630 411 2668 κεφαλῆς,
435 2628 544 2668 χαρίεν
569 2629 592 2659 δ’
617 2627 739 2670 ᾔσχυνε
762 2628 879 2669 πρόσω-

179 2688 247 2708 πον.
269 2682 430 2719 Νεκταρεῳ
440 2678 472 2709 δὲ
480 2680 589 2717 χιτῶνι
596 2678 714 2717 μέλαιν’
725 2677 879 2717 ἀμφίζανε

179 2725 287 2767 τέφρη,
295 2726 392 2759 Αὐτὸς
401 2728 425 2758 δ’
436 2729 469 2759 ἐν
479 2729 598 2770 κονίῃσι
607 2728 705 2768 μέγας
712 2734 878 2768 μεγαλωσ-

180 2775 211 2805 τὶ
232 2777 390 2808 τανυσθεὶς
410 2779 514 2814 Retro,
531 2779 642 2821 φίλῃσι
663 2778 696 2810 δὲ
716 2779 807 2820 χερσὶ
824 2778 875 2810 κό-

181 2835 241 2863 μην
253 2824 370 2866 ᾔσχυνε
383 2826 501 2866 δαΐζων.
519 2830 527 2846 ⁴
542 2829 644 2862 Hunc
658 2838 737 2861 vero
750 2828 875 2861 doloris

933 1930 1058 1962 nebula
1083 1930 1217 1971 obtegit
1244 1929 1353 1969 nigra,
1376 1927 1552 1959 Ambabus
1579 1937 1635 1958 au-

934 1984 1003 2011 tem
1016 1980 1170 2011 manibus
1180 1980 1318 2020 capiens
1336 1979 1507 2019 pulverem
1521 1983 1632 2008 atrum

934 2029 1037 2060 Fudit
1050 2039 1152 2070 super
1165 2033 1279 2069 caput,
1294 2029 1546 2068 gratiosamque
1563 2031 1633 2058 tur-

934 2079 1030 2119 pavit
1053 2078 1189 2114 faciem,
1214 2078 1347 2110 Divinae
1370 2082 1481 2108 autem
1509 2078 1633 2108 tunicae

933 2128 1029 2168 niger
1054 2129 1280 2160 circumhaesit
1305 2127 1401 2158 cinis.
1442 2127 1523 2167 Ipse
1552 2136 1633 2158 vero

932 2178 966 2209 in
982 2179 1176 2219 pulveribus
1187 2187 1328 2218 magnus
1342 2186 1461 2217 magne
1474 2182 1633 2207 extensus

932 2228 1093 2265 Jacebat,
1111 2229 1246 2269 suisque
1264 2227 1415 2258 manibus
1428 2236 1560 2257 comam
1576 2226 1634 2257 ‹le-

934 2278 1097 2317 turpabat
1110 2276 1284 2308 evellens.'

974 2327 989 2348 ¹¹
1015 2328 1110 2358 Omni
1129 2326 1277 2368 supplicio
1300 2324 1506 2365 lamentandi]
1541 2324 1632 2357 Quid

933 2376 978 2407 sit
991 2377 999 2394 ‘
1013 2377 1217 2417 supplicium
1231 2374 1460 2415 lamentandi,'
1476 2374 1632 2414 ignorare

933 2435 987 2457 me
1004 2426 1125 2457 fateor.

976 2480 990 2497 e
1007 2477 1099 2507 Nunc
1113 2475 1256 2507 cadaveri
1268 2474 1477 2516 superjacens]
1501 2474 1552 2505 Ex
1567 2474 1633 2505 illis

935 2525 1075 2557 Homer.
1092 2526 1132 2558 ΙΙ,
1152 2530 1187 2557 Τ.
1226 2523 1302 2565 Εὗρε
1317 2524 1349 2555 δὲ
1365 2524 1536 2565 Πατρόκλῳ
1550 2536 1632 2565 περι-

932 2576 1073 2615 κείμενον
1086 2576 1123 2607 av
1136 2576 1230 2616 φίλον
1244 2576 1308 2607 υἱὸν
1331 2576 1490 2607 Κλαίοντα
1507 2575 1632 2615 λιγέως·

931 2625 1045 2657 πολέες
1069 2626 1095 2657 δ’
1120 2626 1196 2665 ἄμφ’
1222 2625 1316 2657 αὐτὸν
1342 2626 1456 2666 ἑταῖροι
1479 2624 1630 2666 Μύροντο.

931 2676 1093 2707 ‘Invenit
1123 2681 1236 2707 autem
1262 2676 1424 2707 Patroclo
1454 2675 1632 2716 circumja-

930 2729 1063 2756 centem
1087 2735 1183 2757 suum
1207 2735 1322 2757 carum
1346 2724 1449 2756 filium
1474 2726 1629 2756 Flentem

930 2776 1071 2807 acriter:
1086 2776 1183 2809 multi
1197 2781 1309 2808 autem
1322 2775 1414 2808 circa
1426 2776 1533 2816 ipsum
1548 2776 1631 2808 socii

930 2825 1115 2867 lugebant?
