1915 3231
491 569 1236 638 LECTORIBUS

604 773 787 823 LUD.
859 772 1128 822 SMIDS.

143 1162 587 1226 QUANDOQUIDEM
626 1176 879 1229 Scriptores
918 1174 1108 1216 Troicos
1141 1175 1320 1216 laudare
1361 1173 1598 1226 multisque

142 1244 376 1284 verborum
402 1244 595 1297 phaleris
628 1255 858 1291 exornare,
881 1246 999 1283 vetat
1018 1243 1171 1282 horum
1194 1243 1387 1295 dignitas
1419 1247 1465 1282 et
1485 1253 1599 1294 ptae-

143 1309 324 1359 stantia,
367 1310 649 1351 solummodo
676 1310 788 1350 hanc
832 1309 1088 1358 editionem,
1130 1322 1290 1350 novam
1340 1313 1397 1358 et,
1440 1309 1477 1349 si
1514 1321 1599 1348 non

142 1376 580 1426 emaculatissimam,
623 1377 846 1429 prioribus
897 1375 1055 1416 saltem
1095 1375 1442 1416 emendatiorem
1483 1389 1601 1416 com-

143 1442 347 1484 mendare
377 1449 446 1484 est
467 1444 650 1484 animus.
712 1443 832 1493 Quid
868 1443 939 1483 hic
960 1442 1093 1495 igitur
1113 1442 1466 1495 praestiterimus,
1490 1442 1602 1482 Lec-

143 1511 260 1550 tores
280 1510 499 1560 benevoli,
520 1511 681 1564 paucis
699 1510 912 1563 accipite.

205 1588 236 1615 1.
267 1576 457 1630 Dictyos
481 1577 749 1630 Daretisque
772 1582 1045 1626 contextum,
1068 1590 1094 1618 a
1122 1576 1455 1631 typothetarum
1479 1576 1600 1617 vitiis

143 1640 324 1697 (mirum
357 1657 489 1697 quam
522 1643 848 1697 frequentibus)
880 1645 1230 1698 repurgavimus,
1266 1649 1311 1684 et
1333 1655 1515 1697 prorsus
1537 1644 1602 1683 in-

146 1716 397 1763 corruptum
418 1711 523 1752 dare
546 1713 693 1752 conati
717 1712 896 1752 fuimus.

206 1787 258 1816 11.
290 1777 611 1819 Annotationes
633 1779 942 1819 eruditissimae
965 1783 1192 1828 matronae,
1214 1776 1356 1817 Annae
1384 1777 1602 1819 Daceriae‚

147 1845 477 1897 typothetarum
495 1845 611 1886 forte
638 1846 823 1894 incuria,
844 1846 1082 1886 innumeris
1105 1846 1148 1884 in
1170 1845 1285 1885 locis
1317 1843 1492 1884 sordide
1513 1844 1603 1884 dis-

148 1912 325 1961 tinctas,
346 1912 440 1965 (cui
461 1917 591 1953 vacat
611 1925 710 1953 cum
726 1913 810 1953 hac
825 1918 979 1952 nostra
996 1912 1236 1952 editionem
1251 1910 1445 1952 conferre
1461 1910 1604 1951 Galli-

149 1992 262 2029 cam,
278 1978 363 2019 hoc
379 1991 532 2032 negare
546 1979 722 2020 minime
743 1977 944 2032 poterit,)
964 1978 1325 2027 instauravimus,
1348 1977 1604 2018 emendavi-

148 2059 261 2094 mus,
283 2045 603 2099 supplevimus.

211 2124 284 2153 111.
333 2112 478 2153 Notas
519 2113 704 2165 integras
745 2113 980 2154 illustrium
1024 2114 1228 2162 virorum,
1268 2112 1369 2154 Jos.
1402 2112 1604 2156 Merceri,

151 2177 285 2231 Casp.
319 2178 502 2224 Barthii,
527 2178 618 2219 Ulr.
641 2178 866 2230 Obrechti‚
889 2178 1019 2219 Paul.
1041 2177 1287 2232 Vindingii,
1310 2180 1465 2220 doctas
1502 2191 1605 2218 sane

150 2252 195 2286 et
207 2245 443 2300 jucundas,
464 2245 728 2299 adJecimUS.

209 2324 276 2353 iv,
308 2312 500 2366 Propter
538 2313 704 2354 heroici
737 2313 976 2367 argumenti
1014 2313 1274 2365 elegantiam
1315 2325 1490 2366 quoque
1524 2311 1606 2352 Jo-

153 2379 279 2433 sephi
311 2379 582 2421 Exoniensis
617 2381 712 2421 sive
746 2380 896 2421 lscani
924 2380 977 2419 de
1007 2380 1129 2420 bello
1159 2379 1360 2432 Trojano
1387 2378 1607 2431 egregium

152 2459 340 2496 carmen,
374 2447 494 2488 Sam.
524 2448 747 2488 Dresemii
782 2448 899 2488 notis
933 2447 1101 2500 optime
1133 2447 1416 2495 illustratum,
1438 2445 1609 2486 addidi-

153 2526 280 2555 mus:
312 2514 455 2554 dictas
477 2527 582 2555 vero
602 2520 734 2556 notas
751 2514 988 2556 admodum
1005 2514 1268 2566 negligenter
1284 2514 1609 2555 consarcinatas

154 2593 208 2621 ac
239 2580 487 2630 distinctas,
509 2586 754 2634 perattento
774 2581 966 2635 quodam
999 2579 1186 2621 Erudito
1219 2580 1473 2634 adjuvante,
1496 2579 1609 2632 poli-

155 2651 224 2688 tas
246 2651 291 2688 et
310 2653 545 2690 accuratas
567 2650 883 2703 expressimus.

240 2725 352 2765 Delph.
371 2729 399 2756 et
419 2725 495 2756 Var.
513 2726 598 2756 Clas.
775 2725 863 2756 Dice.
878 2726 966 2756 Cret.
1493 2723 1520 2753 Α
