1915 3231
314 224 399 267 256
784 234 994 266 merres
1029 234 1300 265 cRETENsrs

315 331 590 384 opportuna¹
621 329 723 371 loca
744 328 1028 379 destinantur,
1051 333 1096 370 et
1126 330 1211 370 alia
1242 331 1299 371 ob
1324 330 1555 384 pretiosam
1578 331 1760 371 vestem.

314 396 454 448 Igitur
475 397 550 437 ubi
571 397 705 438 saties
721 400 736 418 ²
766 396 945 450 Trojani
967 397 1190 450 sanguinis
1213 398 1369 447 tenuit,
1403 402 1448 438 et
1475 397 1580 437 urbs
1611 397 1762 436 incen-

315 463 400 504 diis
420 464 699 517 complanata
726 467 808 512 est,
838 464 1009 504 initium
1032 463 1251 505 solvendae
1273 477 1349 518 per
1369 463 1567 517 praedam
1589 461 1761 503 militiae

316 531 507 582 capiunt,
529 530 670 583 primo
694 543 718 570 a
740 530 930 583 captivis
952 530 1162 580 foeminis,
1185 531 1421 584 puerisque
1443 530 1585 570 adhuc
1608 527 1764 569 imbel-

315 596 448 637 libus,
504 596 658 650 Itaque
680 609 735 636 ex
757 596 824 636 his
845 596 989 649 prima
1010 596 1202 636 omnium
1220 596 1396 637 Helena
1417 597 1514 637 sine
1536 599 1650 636 sorte
1665 593 1768 634 Me-

317 664 443 704 nelao
485 663 762 704 conceditur:
794 662 898 703 dein
920 662 1169 716 Polyxena,
1201 664 1419 705 suadente
1455 662 1656 716 Ulysse,q
1686 673 1765 714 per

319 729 667 783 Neoptolemum
685 727 849 769 Achilli
870 728 1044 769 inferias
1065 730 1221 770 missa:
1242 728 1562 782 Agamemnoni
1580 728 1767 768 Cassan-

319 795 399 837 dra
412 802 425 818 ¹*
456 795 598 845 datur,
618 800 856 850 postquam
877 794 1016 836 forma
1037 795 1133 848 ejus
1154 799 1323 849 captus,
1346 795 1453 849 quin
1483 794 1631 848 palam
1650 793 1768 834 desi-

317 862 482 902 derium
509 862 730 911 fateretur,
761 862 1040 903 dissimulare
1070 863 1349 915 nequiverat:
1381 862 1579 903 AEthram
1600 864 1644 901 et
1664 859 1769 913 Cly-

319 941 487 969 menam
501 934 513 951 ⁵
546 928 839 980 Demophoon
879 931 1015 980 atque
1050 927 1266 968 Athamas
1282 933 1294 957 ³
1325 928 1540 969 habuere:
1573 927 1768 979 reliqua-

318 1008 412 1036 rum
426 999 445 1024 4
464 1008 557 1035 sors
578 995 648 1047 agi
668 994 849 1047 coepta,t
866 997 996 1046 atque
1014 994 1080 1034 ita
1102 993 1402 1046 Neoptolemo
1421 992 1769 1042 Andromacha‚⁰

321 1061 572 1114 adjunctisv
593 1062 826 1113 postquam
841 1059 887 1100 id
908 1064 1110 1101 evenerat
1131 1059 1234 1100 filiis
1251 1061 1348 1114 ejus
1369 1061 1413 1100 in
1428 1060 1635 1100 honorem
1656 1058 1769 1100 tanti

320 1127 465 1176 ducis,
509 1126 663 1181 Ulyssi
705 1125 895 1166 Hecuba
908 1131 933 1147 W
973 1127 1204 1167 obvenere.
1276 1126 1514 1167 Hactenus
1552 1126 1770 1167 nobilium

321 1194 597 1235 foeminarum
620 1204 795 1234 cessere
817 1192 1034 1234 servitia.x
1094 1192 1203 1243 Alii,
1223 1195 1272 1234 ut
1291 1205 1510 1247 quemque
1539 1205 1634 1233 sors
1664 1204 1771 1233 con-

926 1309 1163 1322 eeeeeeeeeeee

321 1386 447 1428 Delph.
464 1396 565 1419 voces
582 1386 639 1418 olii
653 1386 716 1424 ad,·
734 1389 770 1418 et
786 1394 863 1417 mox
882 1394 942 1427 pro
958 1385 1033 1423 alia,
1048 1385 1179 1418 alit-2
1193 1385 1318 1428 Delph.
1333 1385 1506 1418 satias-³
1524 1385 1648 1428 Delph.
1665 1385 1770 1418 Acha-

984 1492 1129 1526 NOTAE

323 1566 551 1607 (longeritur.’
595 1566 740 1599 Quidam
764 1566 871 1599 Codd.
893 1566 1020 1600 habent
1074 1567 1198 1600 mantis
1214 1571 1249 1600 et
1267 1565 1548 1608 Demophoontis,
1565 1565 1686 1598 Thesei
1701 1576 1770 1598 ma-

321 1617 362 1646 nd
391 1615 609 1653 coercendum;
648 1626 722 1657 quae
749 1616 853 1648 lectio
880 1615 1020 1648 defendi

323 1670 449 1706 potest.

366 1719 381 1740 ‘⁴
412 1714 575 1755 Polyxena
602 1715 749 1746 suadente
783 1715 908 1756 Ulysse]
951 1714 1021 1747 Alii

323 1762 396 1794 fere
421 1773 536 1794 omues
563 1764 747 1804 scriptores
773 1765 924 1803 tradunt,
949 1775 1021 1796 um·

323 1813 417 1844 bram
436 1812 591 1853 Achillis,
607 1815 660 1844 vel
683 1824 799 1845 vocem
822 1824 865 1845 ex
885 1815 956 1855 ejus
972 1824 1023 1845 se-

325 1864 466 1904 pulchro
481 1869 676 1904 exeuntem,
693 1865 756 1897 sibi
774 1865 936 1896 immolari
956 1866 1023 1897 Po-

323 1913 480 1952 lyxenam
510 1913 658 1954 petiisse.
693 1914 848 1954 Euripid.
874 1915 1024 1956 Lycoph.

326 1962 432 1993 Ovid.
460 1964 524 1993 &c-
578 1963 704 1994 Verum
736 1964 962 1996 Philostratus
988 1969 1025 1996 et

324 2011 471 2042 Tzetzes
488 2012 521 2042 in
544 2012 694 2053 Lycoph.
711 2013 863 2045 scribunt
877 2013 1024 2054 Polyxe-

325 2071 403 2092 nam
422 2062 559 2093 Achiuis
572 2068 713 2095 mortem
731 2064 778 2095 sic
794 2073 882 2103 aegre
897 2064 1026 2104 tulisse,

327 2116 365 2142 nt
388 2111 449 2142 sibi
473 2121 577 2152 super
604 2113 679 2153 ejus
705 2114 835 2145 tumulo
856 2114 1022 2146 violentas

327 2170 445 2192 manus
462 2162 629 2194 intulerit.

368 2215 380 2230 ¹
403 2210 628 2250 Agamemnoni
660 2212 852 2253 Cassandra]
896 2213 1025 2244 Postea

327 2269 400 2291 eam
425 2270 500 2292 curn
524 2261 777 2302 Agamemnone
799 2262 925 2294 occidit
949 2262 1024 2302 Cly-

326 2315 535 2343 taemnestra.
572 2311 675 2342 Hom.
700 2312 770 2344 Od.
795 2316 832 2343 A.
856 2312 912 2343 ubi
936 2311 1024 2351 Aga—

327 2369 485 2391 memnon
512 2361 582 2392 ait:
613 2360 826 2401 Οἶκτροτάτην
853 2361 878 2392 δ’
907 2361 1026 2399 ἥκουσα

327 2410 388 2441 ὅπα
403 2409 548 2449 Πριάμοιο
563 2410 724 2452 θυγατρὸς,
740 2410 952 2452 Κασσάνδρης,
967 2411 1026 2448 τὴν

327 2461 430 2491 κτεῖνε
456 2461 714 2501 Κλυταιμνήστρη
741 2460 908 2499 δολόμητις
934 2460 1025 2501 Ἀμφ’

328 2510 408 2547 ἐμοί.
448 2511 458 2527 ⁸
476 2510 726 2542 Moesttssimam
765 2517 877 2542 antem
914 2510 1026 2542 andivi

327 2567 446 2589 vocem
462 2558 589 2590 Priami
604 2559 681 2590 filiae
703 2559 912 2596 Cassandrae,
927 2569 1026 2601 quam

328 2607 456 2640 occidit
485 2608 746 2650 Clytaemnestra
769 2610 884 2641 dolosa
912 2610 1027 2651 Prope

328 2657 408 2688 me.’

372 2712 383 2726 ³
405 2708 551 2739 AEthram
565 2711 597 2739 et
614 2707 810 2749 Clymenam]
843 2709 899 2740 De
919 2708 957 2740 iis
973 2718 1027 2740 su·

330 2756 442 2796 perius
459 2757 600 2790 dictum.
626 2759 742 2790 lEthra
757 2758 830 2790 avia
845 2764 919 2792 erat
936 2759 1026 2792 Aca-

1076 1622 1140 1649 ter.

1117 1669 1128 1688 ῑ
1149 1666 1353 1707 Reliquorum
1372 1675 1441 1697 sors
1463 1666 1518 1705 agi
1531 1665 1645 1707 coepta]
1681 1665 1773 1697 Puto

1076 1716 1346 1756 rescribendum,
1386 1716 1583 1756 reliquarum.
1649 1714 1773 1747 Adhuc

1075 1767 1164 1798 enim
1181 1766 1223 1797 de
1239 1771 1329 1797 sorte
1345 1764 1569 1796 foeminarum.

1118 1820 1132 1835 ¹¹
1157 1816 1357 1854 Neoptolemo
1372 1814 1603 1855 Andromacha]
1627 1814 1773 1846 Lesches

1077 1866 1110 1897 in
1121 1875 1226 1906 parva
1235 1865 1342 1896 Iliade
1354 1875 1362 1896 :
1374 1864 1478 1906 Αὐτὰρ
1491 1865 1665 1904 Ἀχιλλῆος
1673 1875 1772 1904 μεγα-

1077 1914 1318 1954 θύμνουφαίδιμος
1326 1913 1558 1954 υἱὺςἙκτορέην
1568 1914 1689 1954 ἄλοχον
1698 1925 1772 1945 κατ-

1078 1964 1147 2003 άγει
1161 1965 1270 1996 κοίλας
1295 1964 1344 1996 ἐπὶ
1363 1966 1448 2002 νῆας.
1492 1966 1502 1982 ‘
1515 1966 1640 1996 Verum
1656 1964 1774 1996 Achil-

1077 2015 1118 2046 lis
1145 2015 1302 2056 generosi
1329 2015 1476 2055 inclytus
1499 2013 1587 2045 filius
1614 2014 1776 2046 Hectoris

1076 2073 1215 2095 uxorem
1231 2063 1329 2095 ducit
1343 2074 1443 2095 cavas
1460 2063 1501 2095 ad
1519 2063 1647 2095 naves!

1117 2118 1132 2133 v
1160 2113 1345 2153 Adjunctis]
1381 2114 1457 2146 Jam
1487 2124 1592 2155 supra
1618 2113 1775 2155 probavi-

1076 2172 1161 2202 mus,
1176 2163 1446 2195 Andromacham
1470 2174 1511 2195 ex
1537 2164 1690 2196 Hectore
1711 2164 1774 2196 As-

1078 2216 1271 2253 tyanactam
1295 2217 1426 2244 tantum
1452 2214 1655 2253 suscepisse,
1674 2223 1773 2255 quem

1077 2262 1244 2303 Pyrrhus,
1255 2262 1338 2302 sive,
1352 2268 1390 2294 ut
1404 2263 1460 2294 aiii
1478 2264 1605 2304 volunt,
1620 2264 1775 2304 Ulysses,

1078 2311 1121 2343 de
1139 2312 1222 2343 turri
1238 2312 1478 2352 praecipitavit.

1119 2366 1140 2381 w
1169 2361 1277 2401 Ulyssi
1304 2360 1448 2402 Hecuba]
1481 2361 1606 2402 Hygin.
1634 2362 1717 2395 Fab.
1744 2366 1775 2394 8.

1078 2414 1088 2429 ‘
1099 2411 1237 2452 Ulysses
1251 2410 1441 2449 Hecubam,
1455 2411 1562 2442 Cissei
1578 2411 1693 2448 filiam,
1707 2413 1774 2453 vel,

1079 2465 1119 2492 ut
1148 2460 1204 2491 alii
1231 2463 1389 2491 auctores
1414 2460 1548 2499 dicunt,
1577 2461 1776 2501 Dymantis,

1079 2510 1208 2543 Priami
1222 2519 1376 2550 uxorem,
1391 2510 1553 2542 Hectoris
1571 2517 1724 2551 matrem,
1740 2512 1776 2543 in

1080 2561 1280 2592 servitutem
1297 2570 1373 2592 cum
1389 2560 1542 2597 duceret,
1558 2561 1617 2592 iila
1634 2561 1667 2592 in
1693 2562 1776 2594 Hel-

1080 2610 1270 2650 lespontum
1287 2618 1377 2640 mare
1393 2619 1430 2640 se
1448 2610 1704 2651 praecipitavit!

1122 2664 1139 2680 Χ
1165 2659 1289 2690 Cessere
1310 2658 1453 2699 servitia]
1489 2659 1547 2690 Sic
1575 2659 1670 2700 Virg.
1709 2660 1777 2692 ‘Et

1081 2708 1193 2750 patrio
1217 2707 1474 2741 Andromachen
1496 2709 1620 2741 iterum
1638 2709 1777 2742 cessisse

1081 2756 1225 2790 marito!
