1915 3231
526 305 589 334 DE
626 304 785 334 BELLO
818 304 1046 334 TROJANO
1083 305 1176 333 LlB.
1211 305 1240 333 1.

157 397 255 453 paei
290 402 335 440 et
365 398 529 440 divinae
566 397 789 450 religionis
826 397 1045 439 antistites
1080 396 1446 438 memorabantur.

1529 295 1612 336 127

1508 397 1610 439 Hoc

155 465 291 506 modo
312 477 368 506 ex
389 463 550 505 Aulide
570 464 825 516 navigatum
847 467 926 504 est.

815 593 956 625 NOTAE

155 667 261 699 αὐτοῖς
281 667 331 707 τῷ
345 665 466 706 δεκάτῳ
487 665 551 698 ἔτει
572 667 785 703 ναυστολῆσαι
808 666 859 698 ἐπὶ

154 717 214 756 τὴν
231 717 333 748 Ἴλιον
347 716 397 748 καὶ
413 718 564 758 πορθῆσαι
588 717 696 755 αὐτήν·
719 716 859 758 χρησμὸς

154 768 215 808 ’γὰρ
231 769 298 800 τοῖς
305 766 464 805 ’Ἕλλησιν
478 767 695 809 ἐδόθη,Τροίας
706 769 859 809 κρατῆσαι

154 819 204 858 τῷ
218 816 335 857 δεκάτῳ
349 817 462 858 χρόνῳ·
479 817 637 857 ὑπέσχετο
652 819 677 849 δ’
690 819 794 850 αὐτοῖς
808 818 859 849 καὶ

155 869 215 900 ὑπὸ
243 870 306 900 τῶν
335 867 509 910 θυγατέρων
543 869 640 900 αὐτοῦ
674 868 855 910 τρέφεσθαι·

156 929 233 960 quae
260 923 435 960 postrema
458 919 564 951 verba
587 926 751 960 corrupta
771 926 860 951 sunt.

155 970 250 1009 Lego
267 968 442 1010 θυγατέρων
459 969 571 1002 Ἀνίου.
610 971 740 1002 Reddit
757 971 860 1002 ratio-

156 1028 232 1050 nem
249 1028 310 1051 cur
326 1029 382 1051 eos
397 1019 508 1050 Anius
534 1029 596 1060 per
617 1030 737 1052 novem
755 1030 860 1052 annos

157 1069 358 1109 detinuerit,
379 1074 415 1101 et
438 1069 572 1101 decimo
589 1074 720 1101 tantum
743 1070 861 1102 emise-

158 1121 215 1152 rit.
262 1121 410 1161 Χρησμὸς
423 1120 497 1161 γὰρ,
522 1121 531 1138 ‘
546 1122 720 1152 oraculum
737 1121 825 1152 enim
841 1120 860 1152 ι’

158 1170 239 1201 nihil
255 1171 392 1202 certius.
414 1171 538 1202 Totum
555 1177 668 1202 autem
685 1172 796 1202 locum
813 1171 862 1202 sic

159 1224 280 1252 verto:
303 1221 313 1238 ‘
326 1221 450 1261 Apollo
466 1221 589 1252 Anium
614 1222 646 1252 in
665 1221 790 1253 Delum
809 1227 862 1252 tu-

158 1270 214 1309 lit,
238 1269 294 1311 qui
311 1269 415 1301 ducta
432 1279 537 1301 uxore
562 1270 719 1311 Dorippa
746 1271 864 1310 genuit

161 1320 372 1360 oinotropas,
387 1319 491 1359 Oino,
507 1320 664 1360 Spermo,
679 1325 714 1351 et
731 1321 864 1358 Elaida,

162 1369 284 1411 quibus
306 1369 461 1400 Bacchus
486 1368 582 1400 dedit
606 1374 655 1409 ut,
679 1369 863 1410 quodcum-

160 1429 226 1461 que
240 1419 379 1458 vellent,
390 1418 423 1449 in
434 1419 557 1459 vinum,
568 1417 740 1459 fruges,et
752 1420 863 1450 oleum

164 1472 429 1507 commutarent,
466 1468 654 1499 secundum
691 1469 862 1500 nominum

165 1527 301 1549 suorum
327 1517 526 1557 positiones,
571 1517 788 1558 Pherecydes
805 1528 863 1549 au-

162 1571 232 1599 tem
245 1566 344 1606 dicit,
358 1566 447 1607 quod
461 1566 566 1598 Anius
581 1567 724 1599 Graecos
737 1568 863 1599 Delum

161 1617 296 1648 delatos
313 1622 542 1657 persuaserat,
564 1622 601 1647 ut
623 1617 668 1647 ibi
686 1622 864 1648 manerent

161 1675 281 1697 novem
307 1675 424 1697 annos,
469 1665 596 1706 Eisque
622 1666 716 1697 dedit
733 1666 864 1697 decimo

163 1717 299 1748 demum
328 1725 416 1747 anno
442 1717 601 1756 navigare
619 1716 661 1748 ad
677 1717 812 1757 Trojam
828 1721 865 1748 et

163 1777 237 1799 eam
254 1771 400 1798 vastare.
437 1767 526 1797 Nam
542 1766 713 1797 oraculum
731 1767 863 1798 Graecis

162 1817 279 1849 datum
296 1817 362 1848 fuit
379 1815 454 1847 fore
475 1821 512 1847 ut
528 1816 659 1847 decimo
677 1826 765 1848 anno
778 1817 863 1848 Tro-

159 1869 233 1910 jam
259 1871 434 1908 caperent.
479 1866 710 1907 Promisitque
727 1866 775 1897 eis
791 1865 864 1898 fore

164 1923 237 1950 uta
251 1917 329 1949 filiis
346 1916 427 1948 Anii
445 1915 642 1948 alerentur)
694 1917 745 1947 De
762 1915 864 1957 Anio,

163 1969 261 2008 Virg.
289 1968 364 1999 AEn.
385 1976 443 1998 111.
476 1966 639 2005 ‘Egressi
664 1975 866 1997 veneramur

164 2017 336 2059 Apollinis
363 2016 492 2047 urbem.
540 2016 614 2046 Rex
641 2014 762 2054 Anius,
790 2016 865 2045 Rex

164 2069 255 2100 idem
277 2067 446 2098 hominum
471 2065 661 2106 Phoebique
685 2065 867 2105 Sacerdos,

165 2118 275 2150 vittis
306 2121 343 2149 et
371 2125 472 2147 sacra
499 2115 678 2146 redimitus
709 2121 866 2155 tempora

167 2166 457 2210 1auro‚0ccurrit,
466 2169 617 2197 veterem
626 2164 798 2197 Anchisen
808 2174 865 2205 ag-

912 668 1008 698 novit
1022 667 1188 700 amicum.’
1221 667 1288 699 Ubi
1301 668 1463 700 Servius:
1487 668 1615 701 ‘Anius

912 722 1040 757 autem,
1053 717 1131 749 Rex
1154 718 1245 757 Deli,
1260 717 1426 759 Apollinis
1444 720 1618 759 sacerdos,

913 777 989 798 cum
1005 768 1106 798 trium
1129 768 1274 800 filiarum
1300 774 1390 800 esset
1412 778 1550 809 parens,
1572 779 1615 801 ne

914 819 1013 849 unius
1030 823 1162 849 tantum
1177 819 1246 850 Dei
1264 824 1356 850 esset
1369 824 1462 850 tutus
1479 820 1619 859 auxilio,

915 867 980 908 (ita
991 868 1074 909 legit
1084 869 1157 900 Jos.
1171 867 1380 910 Mercerus,)
1390 869 1475 900 filias
1488 870 1615 900 numini

915 918 1030 949 Liberi
1056 919 1163 958 patris
1188 918 1339 958 devovit,
1363 920 1421 960 qui
1447 929 1563 960 parem
1584 921 1616 951 ei

915 968 1058 1007 gratiam
1089 968 1233 1000 reddens
1254 967 1370 1000 effecit
1390 973 1427 1000 ut
1451 970 1616 1011 quidquid

914 1026 980 1047 una
1002 1017 1183 1058 attigisset,
1207 1023 1403 1050 verteretur
1429 1019 1462 1050 in
1487 1018 1617 1060 fruges,

916 1067 1025 1098 altera
1043 1068 1076 1098 in
1092 1067 1216 1106 vinum,
1239 1068 1341 1099 tertia
1355 1068 1389 1099 in
1405 1069 1529 1099 oleum.
1575 1069 1617 1100 Id

916 1127 991 1148 cum
1026 1118 1246 1158 comperisset
1276 1117 1509 1157 Agamemnon
1547 1119 1616 1150 dux

916 1166 1137 1207 Argivorum,
1165 1177 1243 1199 cum
1268 1168 1362 1199 mille
1388 1168 1531 1199 navibus
1557 1178 1617 1209 op-

917 1222 1129 1258 pugnaturus
1147 1217 1214 1248 iret
1225 1218 1370 1258 Trojam,
1382 1218 1472 1249 misit
1487 1218 1544 1258 qui
1559 1228 1617 1249 eas

916 1270 1142 1303 accerserent,
1160 1272 1198 1298 ut
1222 1272 1337 1307 posset
1362 1268 1452 1298 alere
1470 1267 1616 1299 Graeciae

917 1317 1119 1348 exercitum.
1165 1317 1251 1349 Quae
1276 1326 1350 1347 cum
1378 1316 1499 1348 vinctae
1523 1322 1619 1348 tene-

918 1372 1047 1404 rentur,
1084 1367 1328 1398 invoeaverunt
1360 1367 1519 1398 Liberum
1560 1377 1618 1408 pa-

918 1420 1019 1455 trem,
1042 1426 1123 1456 quas
1139 1416 1194 1447 ille
1211 1416 1245 1447 in
1261 1417 1434 1448 columbas
1452 1417 1569 1457 vertit,
1582 1421 1619 1448 et

917 1467 964 1497 ita
980 1467 1114 1497 vincula
1130 1466 1215 1498 fecit
1232 1466 1396 1507 effugere.
1440 1468 1540 1499 Unde
1562 1468 1619 1498 ho-

917 1516 1042 1558 dieque
1066 1517 1144 1547 Deli
1171 1517 1346 1548 columbas
1372 1517 1497 1548 violare
1520 1517 1619 1549 nefas

918 1572 981 1598 est.
1013 1566 1113 1597 Hunc
1130 1571 1243 1597 tamen
1260 1567 1383 1598 Anium
1402 1568 1620 1608 Palaephatus

918 1616 1020 1646 etiam
1049 1617 1275 1657 propinquum
1303 1617 1408 1647 tradit
1435 1617 1620 1650 Anchisae:

916 1666 1109 1697 Verisimile
1132 1672 1197 1706 est,
1217 1671 1254 1697 ut
1270 1671 1368 1698 notat
1382 1666 1456 1698 Jos.
1470 1667 1620 1700 Mercer.

919 1717 1041 1748 Delum
1080 1717 1222 1748 electam
1255 1727 1273 1748 a
1303 1716 1435 1748 Graecis
1465 1717 1621 1757 ducibus,

918 1776 984 1806 quo
1007 1776 1174 1797 annonam
1199 1776 1242 1797 ex
1266 1766 1356 1797 omni
1379 1766 1515 1798 Graecia
1531 1777 1621 1798 com-

919 1820 1112 1855 portarent,
1129 1815 1170 1846 ad
1195 1815 1405 1847 necessarios
1428 1825 1502 1846 usus
1523 1826 1620 1847 exer-

919 1864 1007 1895 citus
1025 1865 1306 1896 transvehendam
1321 1875 1330 1903 ;
1347 1865 1491 1906 ejusque
1506 1876 1621 1897 curam

919 1914 1034 1946 datam
1048 1915 1150 1956 Anio,
1164 1917 1220 1957 qui
1234 1916 1373 1956 singulis
1385 1915 1528 1947 filiarum
1547 1927 1621 1948 eam

919 1965 1106 1996 custodiam
1120 1965 1355 1997 distribuerat.

963 2013 971 2034 ἰ
996 2015 1194 2056 OEnotropoe]
1230 2015 1285 2047 Ab
1317 2015 1406 2052 οἶνος,
1430 2016 1559 2055 vinum,
1586 2020 1621 2047 et

919 2063 1033 2105 τρέπω,
1048 2072 1159 2097 verto.
1191 2066 1299 2107 Atqui
1315 2072 1389 2098 erat
1406 2076 1472 2097 una
1490 2072 1621 2098 tantum

920 2124 995 2156 quae
1013 2115 1124 2146 vinum
1143 2115 1282 2157 faceret,
1306 2117 1367 2148 sed
1389 2126 1458 2148 una
1482 2116 1621 2158 reliquis

920 2173 1042 2196 nomen
1057 2165 1173 2197 dabat.
