1915 3231
317 325 404 366 306
817 334 1031 365 DARE‘ms
1065 335 1275 365 rumen

317 429 574 471 Alexandro
595 429 637 470 in
656 429 814 470 itinere
834 431 1037 479 occurrit,
1068 433 1111 470 et
1132 430 1370 470 mirabatur
1390 430 1552 482 regiam
1576 429 1765 473 classem

314 510 405 550 quo
427 496 631 537 tenderet.
692 496 877 550 Utrique
897 500 1173 537 occurrentes
1196 500 1471 549 aspexerunt
1493 510 1539 537 se
1560 497 1766 546 invicem,

315 563 446 604 inscii
466 575 553 616 quo
574 563 758 617 quisque
781 564 877 604 iret.
939 563 1098 604 Castor
1128 569 1173 604 et
1205 562 1370 604 Pollux
1397 563 1451 604 ad
1475 563 1768 618 Clytaemnes-

315 636 427 672 tram
448 631 606 679 ierant,
627 643 782 671 secum
805 631 1092 672 Hermionam
1114 635 1288 684 neptem
1313 644 1438 672 suam
1470 631 1661 672 Helenae
1682 630 1768 671 fili-

311 712 386 739 am
409 697 698 739 abduxerant.
762 696 887 749 Argis
917 697 946 738 J
951 698 1107 738 unonis
1129 697 1223 738 dies
1240 703 1257 719 X
1286 697 1425 739 festus
1460 703 1555 738 erat
1584 697 1654 738 his
1676 697 1768 738 die-

314 766 412 815 bus,
435 764 595 818 quibus
613 763 871 805 Alexander
905 765 979 805 in²
1011 764 1201 805 insulam
1235 763 1498 817 cytheream
1520 765 1652 814 venit,
1685 765 1764 805 ubi

313 832 370 872 ad
391 832 538 872 fanum
562 831 746 874 Veneris
778 831 940 872 Dianae
974 831 1277 872 sacrificavit!
1337 831 1402 872 Hi
1436 832 1512 884 qui
1547 831 1592 872 in
1623 832 1767 873 insula

313 904 439 940 erant
467 898 738 939 mirabantur
758 899 921 951 regiam
942 898 1143 947 classem,
1177 903 1223 938 et
1251 898 1578 951 interrogabant
1598 898 1654 938 ab
1674 897 1765 938 illis

313 967 506 1020 quicum
529 964 805 1015 Alexandro,
827 965 903 1018 qui
933 969 1091 1014 essent,
1118 965 1223 1018 quid
1249 965 1500 1006 venissent.z
1559 964 1764 1018 Respon-

310 1032 464 1072 derunt
485 1032 548 1072 illi
571 1045 597 1072 a
624 1031 799 1072 Priamo
830 1045 928 1084 rege
959 1032 1151 1084 legatum
1183 1033 1365 1072 missum
1386 1031 1443 1072 ad
1464 1029 1698 1072 Castorem
1719 1035 1763 1072 et

312 1098 560 1148 Pollucem,
581 1103 628 1139 ut
648 1111 724 1138 eos
745 1099 1005 1139 conveniret.
1064 1098 1170 1151 [lO.]
1201 1097 1261 1138 At
1283 1111 1385 1138 vero
1407 1097 1583 1138 Helena
1609 1097 1766 1137 Mene-

310 1164 373 1205 lai
407 1178 536 1213 uxor,
569 1178 668 1205 cum
692 1164 946 1205 Alexander
966 1165 1010 1205 in
1033 1165 1178 1206 insula
1199 1164 1416 1218 Cytherea
1437 1168 1569 1213 esset,
1600 1164 1766 1217 placuit

305 1232 350 1272 ei
371 1245 425 1272 eo
448 1232 524 1272 ire.
586 1232 690 1282 Qua
710 1231 764 1272 de
787 1245 924 1273 causa
945 1231 1001 1272 ad
1031 1232 1158 1272 littus
1187 1231 1420 1284 processit,
1443 1231 1520 1271 ubi
1541 1230 1702 1271 Dianae
1722 1235 1766 1272 et

314 1298 538 1353 Apollinis
560 1299 709 1340 fanum
732 1303 824 1340 est:
855 1299 945 1340 ibi³
977 1312 1067 1340 rem
1089 1299 1281 1339 divinam
1316 1298 1489 1338 Helena
1509 1297 1653 1338 facere
1673 1296 1764 1338 dis-

308 1371 531 1420 posuerat.
591 1365 727 1416 Quod
749 1367 825 1407 ubi
854 1367 1101 1408 nuntiatum
1133 1371 1203 1406 est
1234 1365 1508 1414 Alexandro,
1536 1364 1762 1405 Helenam

310 1433 367 1474 ad
398 1447 517 1474 mare
539 1434 731 1484 venisse,
766 1435 970 1474 conscius
993 1434 1144 1474 sormae
1169 1446 1277 1482 suae,
1314 1433 1360 1472 in
1393 1436 1639 1486 conspectu
1669 1431 1763 1485 ejus

309 1500 534 1542 ambulare
557 1502 708 1554 coepit,
741 1501 928 1554 cupiens
949 1514 1045 1541 eam
1074 1500 1235 1541 videre.
1296 1499 1485 1540 Helenae
1515 1498 1759 1540 nuntiatum

308 1571 389 1616 est,
415 1566 715 1608 Alexandrum
738 1567 900 1608 Priami
921 1568 1034 1620 regis
1055 1567 1194 1608 filium
1215 1566 1271 1607 ad
1294 1565 1525 1619 oppidum,
1555 1565 1633 1605 ubi
1664 1564 1762 1605 He-

307 1633 407 1674 lena
426 1638 530 1683 erat,
552 1634 741 1674 venisse.
803 1632 946 1682 Quem
970 1634 1104 1674 etiam
1124 1634 1222 1686 ipsa
1247 1633 1395 1674 videre
1424 1633 1647 1686 cupiebat.
1705 1631 1763 1672 Et

308 1713 408 1741 cum
429 1713 474 1741 sc
494 1702 663 1754 utrique
685 1702 1002 1754 respexissent,
1018 1701 1164 1749 ambo,
1183 1700 1322 1740 forma
1343 1712 1426 1739 sua
1446 1699 1632 1748 incensi,
1655 1702 1760 1739 tem-

308 1780 392 1821 pus
415 1767 624 1808 dederunt
644 1771 691 1808 ut
712 1756 877 1820 gratias
899 1767 1116 1808 referrent.
1175 1765 1431 1807 Alexander
1446 1765 1646 1818 imperat,
1666 1777 1760 1805 om·-

307 1848 388 1876 nes
410 1839 459 1875 ut
490 1836 534 1875 in
566 1835 753 1875 navibus
777 1834 867 1874 sint
888 1835 1056 1887 parati:
1087 1837 1218 1873 nocte
1252 1833 1438 1873 classem
1474 1831 1666 1881 solvant,
1702 1831 1759 1873 de

305 1903 411 1943 fano
457 1902 680 1942 Helenam
721 1901 920 1954 eripiant,
969 1913 1122 1941 secum
1172 1913 1269 1940 eam
1319 1899 1532 1940 auferant.
1621 1898 1758 1950 Signo

308 1969 409 2010 dato
454 1968 604 2008 fanum
657 1968 924 2017 invaserunt,
975 1967 1191 2007 Helenam
1246 1966 1502 2006 inviolatam
1551 1965 1758 2018 eripiunt,

308 2035 355 2076 in
399 2048 557 2077 navem
589 2034 798 2083 deferunt,
841 2037 883 2074 et
925 2046 1025 2074 cum
1073 2045 1128 2073 ea
1172 2032 1378 2074 mulieres
1424 2032 1598 2086 aliquas
1619 2037 1636 2054 ὃ
1684 2030 1759 2072 de-

908 2172 1148 2184 eeeeeeeeeee

348 2255 368 2282 2
392 2251 532 2283 Omittit
553 2250 680 2291 Delph.
696 2251 742 2291 in,
765 2255 800 2281 et
816 2260 895 2281 mox
909 2252 950 2282 ad
966 2254 1044 2282 ante
1062 2251 1189 2290 sanum,
1206 2255 1242 2282 et
1264 2250 1367 2282 habet
1387 2254 1453 2283 erat
1476 2254 1553 2292 post
1575 2248 1758 2282 Veneris.—

308 2297 327 2325 3
356 2295 417 2325 Ubi
434 2295 556 2334 Delph.

962 2366 1101 2398 Ix'O'rAE

346 2439 362 2454 ’ἔ
386 2433 487 2472 Argis
512 2432 647 2463 Junom's
679 2431 759 2472 dies]
798 2431 888 2463 Juuo
915 2431 1005 2462 enim
1061 2440 1135 2462 nem
1155 2431 1271 2471 templi
1288 2429 1432 2461 Veneris
1455 2427 1550 2468 facit,
1574 2432 1613 2459 ut
1638 2432 1758 2468 postea

304 2483 479 2524 praecipue
497 2483 597 2521 Argis
614 2481 803 2512 colebatur.
840 2481 937 2512 Diem
949 2491 1005 2510 au-
1060 2481 1221 2522 subjiciat
1243 2479 1401 2511 Paridem
1427 2478 1548 2509 Dianae
1572 2477 1757 2509 sacrificas-

304 2538 373 2564 tem
396 2532 521 2563 festum
539 2533 593 2562 hic
612 2532 786 2571 iutelligit,
800 2541 866 2572 quo
884 2531 1007 2572 Ἡραῖα,
1061 2531 1122 2562 se?

304 2583 339 2614 id
355 2589 419 2621 est,
433 2582 576 2615 Junonis
594 2591 688 2612 sacra
705 2581 927 2613 colebantur:
964 2582 1005 2612 de
1103 2588 1116 2603 2
1139 2580 1202 2616 Qui
1217 2582 1328 2616 essent,
1343 2577 1416 2618 quid
1431 2575 1600 2615 venissent]
1624 2576 1678 2606 De
1690 2576 1756 2608 hac

305 2634 424 2674 quibus
441 2633 517 2663 vide
534 2632 718 2663 doctissimi
744 2632 886 2663 Mem-sii
911 2632 1007 2663 Grae-
1060 2629 1207 2662 formula
1230 2627 1364 2659 abunde
1389 2626 1532 2667 egimus,
1559 2625 1649 2666 apud
1675 2625 1756 2657 Dic-

304 2685 390 2715 ciam
408 2682 578 2720 feriatam,
595 2683 626 2712 in
645 2692 728 2713 voce
744 2683 862 2722 Ἧραΐα.
1060 2685 1134 2720 tyn.

348 2738 361 2759 5
386 2733 502 2763 Diunoe
521 2731 726 2772 sacrificavit]
760 2732 827 2763 Sed
854 2741 915 2762 eur
939 2740 1006 2762 non
1103 2734 1118 2750 ¹²
1140 2728 1292 2760 Mulieres
1304 2725 1437 2766 aliquas]
1462 2725 1612 2756 AEthram
1629 2729 1664 2757 et
1678 2725 1755 2766 Cly-

306 2783 417 2823 potius
434 2783 556 2812 Veneri
574 2781 789 2820 sacrificavit,
806 2781 903 2821 cujus
919 2790 1006 2820 prae—
1060 2789 1205 2812 menam.
1253 2777 1339 2810 Vide
1355 2776 1442 2819 apud
1462 2776 1599 2817 Dictyn.

304 2833 389 2863 sidio
411 2832 628 2863 confidebat?
661 2836 695 2862 et
713 2841 770 2863 cur
785 2832 839 2863 hic
863 2832 1005 2863 mentio-
