1915 3231
349 211 435 253 224
817 218 1027 251 mci-vos
1061 218 1336 250 caurensis

350 315 421 356 his
443 327 542 369 quae
564 313 921 363 consensissent,³
952 326 1093 368 neque
1126 314 1183 355 ab
1216 326 1270 353 eo
1302 311 1453 353 divelli
1484 314 1560 353 aut
1589 311 1802 362 omittere,

353 381 530 436 quoad4
549 380 818 431 Alexander,
833 381 993 422 librato
1014 380 1160 433 gladio
1176 391 1452 433 procurrens,
1470 391 1675 420 aversum
1694 377 1802 420 hos-

352 454 441 491 tem
460 462 538 503 per
557 451 788 501 utrumque
816 448 931 489 latus
963 446 1185 499 geminato
1212 446 1330 486 ictue
1358 444 1587 496 transfigit.
1643 442 1707 485 At
1725 443 1804 486 ubi

353 512 647 558 dissolutumf
671 514 924 555 vulneribus
945 513 1298 560 animadvertere,
1319 516 1447 565 parte
1468 511 1560 552 alia
1580 524 1713 565 quam
1732 524 1805 552 ve-

353 585 525 630 nerant,
546 585 773 635 proruunt.
834 580 989 633 Reque
1003 583 1018 609 ⁵
1053 580 1118 620 ita
1138 579 1331 619 maxima
1352 581 1396 619 et
1417 590 1551 631 super
1569 582 1678 619 vota
1711 589 1805 618 om—

354 649 475 691 nium
509 648 722 702 perfecta,
753 646 797 687 in
830 646 1054 687 civitatem
1086 649 1326 687 recurrunt.
1386 644 1492 695 Quo
1514 642 1641 686 viso⁶
1670 643 1806 698 Ulys-

358 728 448 766 ses,
483 718 496 736 ‘
515 715 622 756 Non
649 717 813 754 temere
843 711 936 760 est‚’
968 712 1123 765 inquit,
1159 714 1171 732 ‘
1187 711 1305 765 quod
1327 711 1369 752 hi
1389 710 1549 752 turbati
1573 722 1627 751 ac
1647 709 1807 762 trepidi

358 785 537 836 repente
559 778 843 835 prosilivere?
901 779 1022 820 Dein
1053 778 1236 832 ingressi
1261 778 1425 828 lucum,
1447 776 1808 831 circumspicien-

357 852 508 903 tesque
547 848 769 896 universa,
807 845 1156 886 animadvertunt
1190 844 1410 886 Achillem
1447 848 1634 885 stratum
1671 843 1809 892 humi,

359 927 642 967 exsanguem,
659 917 793 966 atque
807 912 1029 953 etiamtum
1043 912 1323 953 seminecem.
1363 912 1476 953 Tum
1493 910 1631 963 Ajax,
1647 914 1660 932 ‘
1675 908 1811 959 Fuit:

358 980 512 1033 inquit,
532 982 545 1001 ‘
559 978 877 1028 confirmatum,
899 991 951 1019 ac
973 991 1122 1018 verum
1143 991 1218 1030 per
1235 978 1456 1027 mortales,
1474 978 1640 1019 nullum
1667 976 1810 1017 homi-

359 1060 464 1087 num
499 1046 721 1094 existere‚⁷
758 1045 833 1098 qui
873 1048 915 1085 te
951 1057 1057 1085 vera
1092 1044 1250 1085 virtute
1284 1048 1540 1097 superaret:
1583 1043 1678 1092 sed,
1713 1042 1810 1083 uti⁸

361 1114 508 1168 palam
546 1116 627 1162 est,
669 1115 744 1152 tua
782 1117 827 1152 te
862 1111 1114 1153 inconsulta
1151 1112 1373 1153 temeritas
1413 1109 1635 1165 prodidit?
1694 1109 1812 1150 Dein

361 1179 574 1229 Achilles,
588 1182 830 1220 extremum
846 1177 991 1218 adhuc
1011 1180 1233 1218 retentans
1254 1177 1474 1231 spiritum,
1493 1179 1506 1197 ‘
1522 1176 1642 1217 Dolo
1657 1188 1728 1216 me
1748 1180 1812 1217 at—

363 1259 449 1302 que
464 1244 664 1295 insidiis‚'
680 1244 837 1298 inquit,
852 1247 864 1265 ‘
881 1243 1142 1297 Deiphobus
1155 1247 1289 1297 atque
1308 1242 1558 1283 Alexander
1570 1243 1814 1297 Polyxenae

363 1312 505 1366 gratia
518 1311 874 1353 circumvenere?
924 1310 1041 1351 Tum
1056 1310 1330 1363 expirantem
1350 1323 1448 1351 eum
1464 1310 1600 1351 duces
1616 1308 1814 1362 amplexi

364 1392 467 1421 cum
485 1390 643 1431 magno
664 1377 841 1430 gemitu,
872 1381 1008 1430 atque
1040 1376 1290 1417 exosculari
1316 1381 1582 1430 postremum
1604 1375 1814 1417 salutant.

367 1445 572 1499 Denique
593 1443 716 1498 Ajax
735 1444 981 1485 exanimem
1008 1442 1104 1496 jam
1123 1441 1317 1483 humeris
1340 1443 1564 1484 sublatum
1585 1455 1610 1483 e
1630 1441 1732 1482 luco
1752 1439 1816 1481 ef-

364 1513 462 1553 fert.
520 1510 629 1565 [12]
661 1510 797 1562 Quod
816 1510 891 1551 ubi
912 1508 1260 1551 animadvertere
1280 1508 1478 1563 Trojani,
1505 1519 1655 1551 omnes
1683 1507 1816 1549 simul

974 1636 1213 1651 eeeeeeeeeeee

370 1726 648 1758 consensisset.—4
671 1725 800 1766 Delph.
827 1726 910 1765 Quo,
935 1730 971 1758 et
993 1735 1084 1765 mox,
1113 1727 1317 1757 adversm—5
1344 1725 1529 1757 Omittitur
1553 1724 1675 1756 vocula
1702 1734 1760 1765 que
1784 1725 1817 1756 in

374 1769 563 1808 Delph.—6
586 1768 711 1808 Delph.
727 1773 763 1799 et
778 1769 878 1807 vulgo
893 1778 966 1808 quos
979 1769 1083 1804 visos,-
1107 1773 1256 1799 nostram
1283 1768 1465 1799 lectionem
1482 1767 1634 1798 restituit
1651 1766 1819 1799 Obrecht.

374 1821 417 1844 ex
432 1811 528 1843 Med.
545 1811 695 1842 Cod.—7
719 1811 807 1842 Post
822 1811 967 1847 existere,
983 1811 1067 1852 legit
1088 1811 1216 1852 Delph.
1231 1811 1442 1851 potuisse.—8
1467 1810 1592 1851 Delph.
1607 1813 1666 1847 ειη
1689 1814 1725 1842 et
1740 1819 1819 1841 mox

1020 1925 1163 1958 NOTAE

416 2005 431 2021 θ
452 2000 519 2031 Per
533 2003 694 2040 utrumque
709 2000 790 2031 latus
811 1999 968 2039 geminato
991 1999 1071 2040 ictu]

374 2048 443 2080 Alii
458 2049 611 2080 scribunt
624 2048 788 2080 Achillem
800 2048 927 2088 sagitta
942 2047 1073 2079 confos-

374 2109 461 2139 sum,
484 2108 585 2140 quam
603 2097 811 2134 Alexander,
836 2101 916 2138 post
940 2097 1072 2128 simula-

375 2159 468 2180 crum
484 2147 652 2188 Apollinis
665 2148 788 2185 latens,
799 2146 950 2178 immisit.
972 2145 1074 2178 Unde

378 2200 552 2239 vulgatum
576 2197 642 2228 fuit
666 2198 775 2238 ipsum
797 2196 989 2237 Apollinem
1007 2197 1076 2227 tela

375 2247 554 2279 direxisse.
598 2247 697 2286 Virg.
724 2254 772 2277 vr.
801 2245 876 2276 AEn.
906 2246 916 2263 ‘
933 2245 1076 2286 Phoebe,

377 2306 499 2338 graves
513 2295 625 2336 Trojae
641 2305 777 2336 semper
800 2295 958 2326 miserate
982 2295 1075 2326 dolo-

379 2355 446 2385 res,
460 2345 623 2376 Dardana
638 2344 695 2386 qui
712 2343 847 2375 Paridis
862 2343 989 2375 direxti
1007 2344 1078 2375 tela

379 2404 564 2435 maurusque
580 2394 713 2435 Corpus
729 2394 762 2425 in
779 2392 950 2426 AEacidael
1003 2395 1077 2425 Da·

380 2454 435 2475 res
458 2444 626 2484 Phrygius
650 2447 778 2483 narrat,
806 2442 974 2475 Achillem
999 2452 1076 2475 cum

380 2492 559 2525 Antilocho
571 2493 627 2524 din
639 2497 759 2524 contra
771 2492 985 2524 insidiatores
998 2502 1079 2534 pug-

379 2552 501 2581 nasse;
523 2543 582 2574 sed
609 2547 791 2584 utrumqne
819 2541 956 2574 tandem
974 2542 1017 2574 ab
1032 2541 1078 2573 A·

381 2593 544 2625 lexandro
559 2592 674 2624 multis
687 2592 796 2634 plagis
808 2591 992 2624 confossos.
1014 2593 1079 2623 Lo-

382 2652 458 2674 cum
475 2642 542 2674 adi.
590 2641 746 2683 Hyginus
772 2651 893 2683 parum
916 2641 981 2674 sibi
999 2651 1078 2673 con-

383 2697 451 2724 stat
465 2704 474 2730 ;
493 2693 540 2723 ita
553 2692 641 2723 enim
653 2692 770 2723 scribit
783 2692 865 2723 Fab.
878 2695 951 2723 107.
967 2692 976 2709 ‘
987 2691 1077 2723 Hec-

383 2748 457 2774 tore
475 2743 608 2784 sepulto
623 2753 699 2775 cum
715 2743 863 2776 Achilles
886 2743 975 2776 circa
997 2752 1078 2775 moe·

1126 2000 1182 2031 nia
1197 2001 1418 2040 Trojanorum
1432 2003 1626 2041 vagaretur,
1640 2008 1680 2032 ac
1691 1999 1824 2033 diceret

1126 2059 1162 2080 se
1178 2051 1283 2081 solum
1306 2050 1441 2090 Trojam
1458 2059 1684 2090 expugnasse,
1697 2049 1823 2091 Apollo

1127 2100 1247 2139 iratus,
1264 2099 1498 2131 Alexandrum
1520 2099 1637 2130 Parim
1662 2109 1699 2131 se
1724 2100 1823 2131 simu-

1128 2149 1214 2187 lans,
1225 2150 1342 2185 talum,
1358 2158 1458 2190 quem
1475 2149 1651 2180 mortalem
1665 2148 1825 2181 habuisse

1128 2198 1267 2238 dicitur,
1284 2198 1412 2238 sagitta
1427 2197 1597 2238 percussit
1619 2201 1656 2229 et
1672 2197 1827 2230 occidit?

1130 2246 1178 2278 At
1205 2247 1293 2278 idem
1321 2247 1404 2278 Fab.
1431 2250 1505 2278 110.
1535 2247 1545 2264 ‘
1560 2247 1685 2289 Itaque
1711 2247 1826 2279 Danai

1131 2295 1339 2335 Polyxenam
1357 2295 1484 2326 Priami
1499 2295 1613 2336 filiam,
1638 2306 1714 2337 quae
1731 2296 1826 2338 virgo

1130 2343 1197 2376 fuit
1220 2343 1473 2384 formosissima,
1493 2349 1635 2386 propter
1658 2354 1758 2386 quam
1779 2345 1827 2378 A-

1130 2394 1245 2424 chilles
1261 2402 1336 2424 cum
1354 2402 1428 2423 eam
1444 2397 1596 2433 poteret,
1615 2398 1651 2425 et
1667 2394 1709 2425 ad
1726 2394 1828 2427 collo·

1130 2443 1243 2484 quium
1258 2443 1419 2482 venisset,
1430 2443 1473 2474 ab
1485 2442 1682 2475 Alexandro
1694 2447 1731 2475 et
1748 2444 1829 2476 Dei-

1131 2493 1243 2534 phobo
1258 2496 1311 2523 est
1327 2492 1472 2534 occisus,
1486 2492 1530 2524 ad
1545 2493 1739 2534 sepulcrum
1755 2493 1828 2535 ejus

1131 2551 1205 2574 eam
1221 2542 1501 2573 immolaverunt.'

1173 2590 1186 2611 f
1206 2591 1418 2632 Dissolutum]
1450 2591 1604 2633 Optime.
1648 2591 1830 2632 Expressit

1131 2641 1213 2674 illud
1229 2641 1445 2674 Homericum
1459 2652 1466 2674 :
1490 2642 1571 2674 Λῦσε
1586 2639 1619 2674 δὲ
1633 2642 1719 2681 γυῖα.
1734 2640 1829 2673 ‘Sol-

1132 2694 1182 2725 vit
1197 2691 1371 2724 membra!
