1915 3231
272 272 330 313 64
622 280 727 311 JAG.
759 278 1013 310 PERlZONII
1049 277 1375 308 DISSER'I'ATIO

275 385 368 422 tum
388 384 495 430 erat,
514 379 569 421 ad
605 392 740 421 naves
771 378 976 420 veniunt?
1033 378 1147 420 Vide
1177 380 1219 419 et
1248 377 1320 418 hic
1352 375 1502 418 Sanct.
1525 374 1716 418 Minerv.

276 459 329 489 11.
349 447 390 488 9.
412 450 454 488 et
473 459 573 500 quae
593 459 673 499 ego
693 445 827 486 isthic
847 445 1009 486 notavi.

333 526 397 556 vt.
416 514 459 555 3.
488 519 499 536 ‘
516 512 785 567 Hujusmodi
803 512 982 553 numine
999 510 1222 561 armatus,'
1240 511 1322 551 hoc
1339 514 1421 559 est,
1442 508 1517 549 illo
1539 509 1716 549 oraculo

274 580 552 622 confirmatus
569 579 625 620 ad
646 578 889 619 audendum
909 578 1089 631 aliquid.
1149 578 1225 618 Sic
1247 576 1374 617 Corn.
1390 575 1506 630 Nep.
1526 575 1571 616 in
1592 574 1718 616 Han-

273 648 366 689 nib.
386 648 459 688 10.
491 650 504 669 ‘
525 645 682 698 Neque
711 645 831 685 aliud
854 644 1089 697 quicquam
1112 644 1216 696 egit,
1240 655 1374 696 quam
1405 654 1549 694 regem
1577 653 1717 682 arma-

272 714 338 754 vit
366 717 410 754 et
438 712 649 753 excitavit
679 711 893 752 adversus
925 709 1187 752 Romanos!
1246 709 1340 750 Cic.
1372 709 1496 750 Fam.
1528 718 1622 748 X11.
1648 707 1718 749 23.

274 782 287 800 ‘
307 778 595 831 Philosophia
629 790 698 817 me
729 780 882 818 contra
911 789 1064 818 omnes
1102 777 1286 817 fortunae
1317 777 1507 829 impetus
1549 773 1718 816 armat.'

273 845 387 886 Plin.
411 845 576 896 Paneg.
606 844 677 884 12.
709 846 722 864 ‘
746 843 871 884 Ferae
892 846 1041 896 gentes
1071 856 1159 883 non
1179 843 1279 883 telis
1306 842 1462 895 magis,
1485 853 1617 894 quam
1638 853 1717 881 suo

273 912 405 960 coelo,
437 924 518 951 suo
549 910 707 959 sidere,
739 908 981 950 armantur!
1040 908 1211 962 Sulpic.
1241 909 1419 950 Sev.11.
1449 908 1492 949 2.
1526 908 1572 948 in
1604 911 1716 947 extr.

272 978 352 1018 ‘Si
391 977 611 1018 hominem
652 989 797 1017 acrem
839 975 1109 1016 sacerdotali
1149 976 1408 1016 auctoritate
1449 972 1719 1015 armassent?

273 1043 392 1084 Satis
433 1057 490 1084 ex
519 1044 601 1089 his,
632 1043 678 1084 ni
707 1043 845 1093 fallor,
875 1047 1008 1097 patet,
1037 1041 1150 1082 male
1180 1041 1468 1094 Vindingium
1506 1039 1717 1081 maluisse

271 1113 283 1132 ‘
303 1110 555 1151 animatus?

330 1187 436 1218 xm.
460 1177 549 1217 Sed
569 1176 718 1218 desino
740 1176 881 1230 plura,
903 1188 1000 1217 cum
1022 1175 1242 1229 pleraeque
1260 1175 1418 1215 breves
1441 1174 1528 1215 illae
1549 1173 1717 1214 notulae

272 1243 516 1295 Vindingii,
539 1257 638 1297 quae
670 1247 837 1284 tantum
865 1242 952 1295 legi
975 1242 1114 1290 aliter,
1137 1245 1213 1282 aut
1233 1241 1327 1281 tolli
1357 1240 1558 1282 voculam
1579 1252 1718 1292 quan-

272 1310 387 1359 dam,
403 1310 575 1364 jubent,
595 1310 717 1351 nulla
736 1310 926 1350 nitantur
944 1309 1099 1349 idonea
1113 1309 1223 1348 satis
1242 1307 1422 1357 ratione,
1443 1319 1566 1361 saepe
1583 1307 1718 1348 etiam

270 1377 508 1427 declarent,
531 1389 619 1418 non
641 1376 750 1418 satis
771 1375 1046 1416 intellexisse
1067 1387 1168 1415 eum
1198 1374 1388 1415 auctoris
1410 1373 1480 1414 sui
1513 1377 1718 1423 mentem,

269 1444 417 1485 verbis
453 1443 562 1484 nihil
592 1443 690 1485 vitii
722 1443 983 1483 habentibus
1016 1453 1288 1495 expressam.
1347 1441 1422 1482 Sic
1445 1450 1500 1481 11.
1530 1440 1601 1481 22.
1631 1442 1718 1480 ‘an

274 1523 357 1551 vos
400 1511 485 1551 soli
515 1510 736 1563 ignoratis,
768 1513 818 1549 ut
857 1508 1025 1549 affectae
1066 1509 1152 1548 sint
1193 1508 1351 1549 vicinae
1389 1513 1522 1561 atque
1560 1506 1716 1548 amicae

270 1578 401 1618 vobis
441 1578 660 1626 civitates,
700 1576 773 1617 vel
813 1588 913 1629 quae
951 1575 998 1615 in
1032 1575 1128 1615 dies
1157 1574 1346 1615 residuis
1382 1573 1718 1628 praeparentur.'

271 1644 441 1684 Sensus
462 1646 528 1684 est
557 1644 847 1684 clarissimus.
907 1642 1116 1684 Nondum
1148 1641 1264 1683 enim
1295 1654 1448 1682 omnes
1479 1646 1600 1682 erant
1619 1653 1718 1681 vas-

270 1715 394 1760 tatae,
413 1710 617 1764 quaedam
635 1714 755 1751 erant
784 1712 797 1732 ‘
817 1708 1036 1757 residuaess
1068 1708 1146 1749 sed
1169 1707 1328 1761 quibus
1348 1707 1502 1748 eadem
1524 1707 1716 1748 vastatio

272 1777 544 1817 imminebat.
604 1776 688 1817 Ille
710 1780 856 1816 tamen
876 1774 1108 1827 legendum
1130 1780 1281 1816 censet
1301 1774 1556 1815 ‘residuos’

331 1854 390 1883 11.
414 1843 484 1883 39.
515 1842 658 1882 ‘Dein
697 1842 820 1894 signo
855 1841 960 1882 dato
1002 1840 1245 1882 conflixere
1285 1841 1403 1882 acies
1440 1841 1714 1895 compositae,

275 1909 449 1951 Graecis
471 1921 524 1949 ac
546 1908 728 1961 singulis
757 1921 836 1962 per
865 1908 1231 1958 distributionem,
1252 1908 1433 1961 imperia
1455 1908 1616 1949 ducum
1638 1920 1716 1948 ex-

273 1976 590 2029 sequentibus.'
651 1976 722 2017 Ita
740 1975 836 2017 haec
858 1975 1181 2027 distinguenda,
1203 1979 1247 2017 et
1275 1976 1338 2016 ita
1357 1975 1465 2016 nihil
1493 1976 1563 2017 hic
1583 1975 1715 2016 haesi-

273 2043 456 2083 tationis
499 2047 710 2095 superest.
767 2042 847 2084 Ille
885 2047 1028 2084 tamen
1057 2042 1143 2095 legi
1173 2042 1270 2084 vult
1297 2045 1310 2066 ‘
1331 2042 1592 2084 Graecorum
1624 2043 1715 2084 sin-

275 2108 423 2162 gulis.'

333 2186 398 2216 lv.
428 2176 466 2216 1.
498 2174 663 2226 ‘Queis
694 2176 836 2218 animo
871 2178 933 2218 ita
969 2177 1170 2227 haeserat,
1189 2177 1313 2218 nulla
1344 2190 1423 2231 spe
1455 2177 1714 2231 impetrandi

276 2242 522 2292 cadaveris,
564 2242 795 2296 ipsumque
827 2243 1066 2293 Priamum,
1089 2250 1133 2285 et
1174 2246 1249 2297 qui
1285 2257 1381 2285 cum
1417 2256 1470 2284 eo
1511 2245 1715 2294 fuissent,

274 2309 448 2350 retineri
476 2321 502 2349 a
523 2308 723 2350 Graecis.’
782 2309 866 2351 Ille
905 2323 1024 2360 vero,
1062 2316 1071 2333 ‘
1091 2309 1217 2364 lege,’
1249 2312 1324 2361 ait,
1362 2309 1534 2361 ‘Queis
1567 2312 1714 2352 animo

274 2375 509 2417 inhaeserat
536 2375 657 2416 nulla
689 2388 792 2429 spes
826 2376 1114 2430 impetrandi‚'
1139 2379 1217 2418 διο.
1277 2377 1419 2418 Immo
1457 2379 1562 2430 quia
1590 2378 1713 2420 nul-la

274 2442 386 2495 ipsis
418 2446 508 2482 erat
538 2455 641 2495 spes
676 2443 944 2496 impetrandi
983 2443 1229 2492 cadaveris,
1250 2443 1353 2484 ideo
1385 2445 1528 2485 animo
1559 2457 1713 2485 eorum

274 2508 475 2557 haeserat,
497 2508 721 2549 Priamum
742 2509 912 2551 retineri
929 2522 956 2551 a
976 2510 1159 2552 Graecis.
1220 2510 1337 2551 Nam
1355 2511 1475 2564 quod
1495 2511 1558 2551 ait
1577 2512 1713 2563 gemi-

275 2578 381 2615 nata
401 2576 571 2628 copula,
602 2576 866 2630 ‘ipsumque
896 2580 939 2618 et
967 2578 1043 2630 qui
1073 2590 1174 2618 cum
1205 2589 1258 2617 eo
1288 2575 1501 2626 fuissent,'
1519 2576 1713 2619 Graecis-

275 2654 374 2681 mus
397 2648 466 2682 est
486 2642 651 2683 auctori
673 2648 823 2684 nostro
838 2643 1052 2697 frequens.
1109 2643 1227 2684 Vide
1247 2656 1378 2696 supra
1400 2644 1422 2698 ξ
1444 2644 1510 2685 15.

335 2717 402 2747 ιν.
424 2707 491 2747 14.
523 2710 535 2728 ‘
553 2707 665 2748 Cum
695 2710 869 2750 insidiis
900 2714 1060 2752 tantum
1092 2710 1329 2764 perfecerit,
1351 2714 1554 2764 quantum
1584 2723 1635 2751 nc
1666 2712 1711 2752 in

278 2772 511 2813 certamine
554 2774 735 2816 auderet
774 2775 981 2828 quidem.’
1040 2776 1149 2818 Vult
1186 2777 1344 2828 dicere,
1384 2778 1427 2818 in
1476 2778 1711 2818 certamine
