<?xml version="1.0" encoding="UTF-8"?>
<!DOCTYPE html PUBLIC "-//W3C//DTD XHTML 1.0 Transitional//EN"
    "http://www.w3.org/TR/xhtml1/DTD/xhtml1-transitional.dtd">
<html xmlns="http://www.w3.org/1999/xhtml" xml:lang="en" lang="en">
 <head>
  <title>
</title>
<meta http-equiv="Content-Type" content="text/html;charset=utf-8" />
  <meta name='ocr-system' content='tesseract 3.04.00' />
  <meta name='ocr-capabilities' content='ocr_page ocr_carea ocr_par ocr_line ocrx_word'/>
</head>
<body>
  <div class='ocr_page' id='page_1' title='image "./dictyscretensise01dictuoft_0209.png"; bbox 0 0 1915 3231; ppageno 0'>
   <div class='ocr_carea' id='block_1_1' title="bbox 566 303 1666 343">
    <p class='ocr_par' dir='ltr' id='par_1_1' title="bbox 566 303 1666 343">
     <span class='ocr_line' id='line_1_1' title="bbox 566 303 1666 343; baseline 0.002 -2"><span class='ocrx_word' id='word_1_1' title='bbox 566 312 626 341; x_wconf 86' lang='lat' dir='ltr'>DE</span> <span class='ocrx_word' id='word_1_2' title='bbox 663 312 819 341; x_wconf 82' lang='lat' dir='ltr'>BELLO</span> <span class='ocrx_word' id='word_1_3' title='bbox 852 311 1077 341; x_wconf 80' lang='lat' dir='ltr'><strong>TROJANO</strong></span> <span class='ocrx_word' id='word_1_4' title='bbox 1115 311 1208 340; x_wconf 68' lang='grc' dir='ltr'>[ΑΒ.</span> <span class='ocrx_word' id='word_1_5' title='bbox 1243 311 1312 340; x_wconf 87' lang='lat'>111.</span> <span class='ocrx_word' id='word_1_6' title='bbox 1582 303 1666 343; x_wconf 65' lang='lat'>201„</span> 
     </span>
    </p>
   </div>
   <div class='ocr_carea' id='block_1_2' title="bbox 201 401 1667 1795">
    <p class='ocr_par' dir='ltr' id='par_1_2' title="bbox 201 401 1667 1795">
     <span class='ocr_line' id='line_1_2' title="bbox 220 401 1667 458; baseline 0.001 -11"><span class='ocrx_word' id='word_1_7' title='bbox 220 418 361 455; x_wconf 84' lang='lat' dir='ltr'>surOS‚</span> <span class='ocrx_word' id='word_1_8' title='bbox 391 405 708 458; x_wconf 84' lang='lat' dir='ltr'>excisurosque</span> <span class='ocrx_word' id='word_1_9' title='bbox 737 401 919 453; x_wconf 80' lang='lat' dir='ltr'>urbem,k</span> <span class='ocrx_word' id='word_1_10' title='bbox 953 414 1132 443; x_wconf 87' lang='lat' dir='ltr'>securos</span> <span class='ocrx_word' id='word_1_11' title='bbox 1162 401 1339 444; x_wconf 90' lang='lat' dir='ltr'>interitu</span> <span class='ocrx_word' id='word_1_12' title='bbox 1372 403 1483 444; x_wconf 85' lang='lat' dir='ltr'>tanti</span> <span class='ocrx_word' id='word_1_13' title='bbox 1515 404 1667 448; x_wconf 85' lang='lat' dir='ltr'>ducis:</span> 
     </span>
     <span class='ocr_line' id='line_1_3' title="bbox 218 469 1666 524; baseline -0.001 -11"><span class='ocrx_word' id='word_1_14' title='bbox 218 471 416 514; x_wconf 89' lang='lat' dir='ltr'>nonnulli</span> <span class='ocrx_word' id='word_1_15' title='bbox 437 471 569 512; x_wconf 86' lang='lat' dir='ltr'>etiam</span> <span class='ocrx_word' id='word_1_16' title='bbox 590 484 672 524; x_wconf 90' lang='lat' dir='ltr'>pro</span> <span class='ocrx_word' id='word_1_17' title='bbox 693 469 954 512; x_wconf 88' lang='lat' dir='ltr'>confirmato</span> <span class='ocrx_word' id='word_1_18' title='bbox 975 469 1148 518; x_wconf 87' lang='lat' dir='ltr'>habere,</span> <span class='ocrx_word' id='word_1_19' title='bbox 1166 469 1389 510; x_wconf 85' lang='lat' dir='ltr'>Achillem</span> <span class='ocrx_word' id='word_1_20' title='bbox 1411 472 1666 521; x_wconf 85' lang='lat' dir='ltr'>exercitum,</span> 
     </span>
     <span class='ocr_line' id='line_1_4' title="bbox 217 536 1666 592; baseline 0 -13"><span class='ocrx_word' id='word_1_21' title='bbox 217 539 291 592; x_wconf 91' lang='lat' dir='ltr'>qui</span> <span class='ocrx_word' id='word_1_22' title='bbox 321 538 433 579; x_wconf 90' lang='lat' dir='ltr'>duce</span> <span class='ocrx_word' id='word_1_23' title='bbox 455 537 738 578; x_wconf 82' lang='lat' dir='ltr'>Penthesilea</span> <span class='ocrx_word' id='word_1_24' title='bbox 759 536 928 577; x_wconf 84' lang='lat' dir='ltr'>Priami</span> <span class='ocrx_word' id='word_1_25' title='bbox 958 536 1087 576; x_wconf 88' lang='lat' dir='ltr'>rebus</span> <span class='ocrx_word' id='word_1_26' title='bbox 1115 536 1286 577; x_wconf 82' lang='lat' dir='ltr'>auxilio</span> <span class='ocrx_word' id='word_1_27' title='bbox 1307 542 1500 586; x_wconf 82' lang='lat' dir='ltr'>venerat,</span> <span class='ocrx_word' id='word_1_28' title='bbox 1530 539 1666 590; x_wconf 85' lang='lat' dir='ltr'>parti-</span> 
     </span>
     <span class='ocr_line' id='line_1_5' title="bbox 216 602 1666 657; baseline -0.001 -10"><span class='ocrx_word' id='word_1_29' title='bbox 216 607 302 647; x_wconf 89' lang='lat' dir='ltr'>bus</span> <span class='ocrx_word' id='word_1_30' title='bbox 324 618 504 646; x_wconf 87' lang='lat' dir='ltr'>suorum</span> <span class='ocrx_word' id='word_1_31' title='bbox 525 603 809 657; x_wconf 79' lang='lat' dir='ltr'>adjunxisse:</span> <span class='ocrx_word' id='word_1_32' title='bbox 837 606 1061 657; x_wconf 88' lang='lat' dir='ltr'>postremo</span> <span class='ocrx_word' id='word_1_33' title='bbox 1082 603 1231 644; x_wconf 91' lang='lat' dir='ltr'>omnia</span> <span class='ocrx_word' id='word_1_34' title='bbox 1250 602 1451 653; x_wconf 84' lang='lat' dir='ltr'>adversa,</span> <span class='ocrx_word' id='word_1_35' title='bbox 1471 603 1666 654; x_wconf 82' lang='lat' dir='ltr'>hostilia,</span> 
     </span>
     <span class='ocr_line' id='line_1_6' title="bbox 214 667 1664 723; baseline -0.001 -11"><span class='ocrx_word' id='word_1_36' title='bbox 214 671 374 712; x_wconf 86' lang='lat' dir='ltr'>fractas</span> <span class='ocrx_word' id='word_1_37' title='bbox 406 671 667 723; x_wconf 68' lang='lat' dir='ltr'>ablataeque</span> <span class='ocrx_word' id='word_1_38' title='bbox 701 667 841 722; x_wconf 88' lang='lat' dir='ltr'>opes,l</span> <span class='ocrx_word' id='word_1_39' title='bbox 871 669 1035 710; x_wconf 87' lang='lat' dir='ltr'>nullam</span> <span class='ocrx_word' id='word_1_40' title='bbox 1071 670 1224 711; x_wconf 82' lang='lat' dir='ltr'>salutis</span> <span class='ocrx_word' id='word_1_41' title='bbox 1258 683 1401 723; x_wconf 88' lang='lat' dir='ltr'>spem,</span> <span class='ocrx_word' id='word_1_42' title='bbox 1436 670 1664 711; x_wconf 90' lang='lat' dir='ltr'>interemto</span> 
     </span>
     <span class='ocr_line' id='line_1_7' title="bbox 216 737 1663 790; baseline -0.001 -10"><span class='ocrx_word' id='word_1_43' title='bbox 216 739 430 787; x_wconf 85' lang='lat' dir='ltr'>Hectore,</span> <span class='ocrx_word' id='word_1_44' title='bbox 449 738 602 779; x_wconf 88' lang='lat' dir='ltr'>haberi</span> <span class='ocrx_word' id='word_1_45' title='bbox 620 743 661 778; x_wconf 87' lang='lat'>:9</span> <span class='ocrx_word' id='word_1_46' title='bbox 682 738 847 790; x_wconf 86' lang='lat' dir='ltr'>quippe</span> <span class='ocrx_word' id='word_1_47' title='bbox 869 737 908 778; x_wconf 86' lang='lat' dir='ltr'>is</span> <span class='ocrx_word' id='word_1_48' title='bbox 930 737 1054 778; x_wconf 88' lang='lat' dir='ltr'>solus</span> <span class='ocrx_word' id='word_1_49' title='bbox 1076 737 1273 778; x_wconf 88' lang='lat' dir='ltr'>omnium</span> <span class='ocrx_word' id='word_1_50' title='bbox 1288 742 1316 758; x_wconf 73' lang='lat'>¹¹²</span> <span class='ocrx_word' id='word_1_51' title='bbox 1346 737 1390 777; x_wconf 89' lang='lat' dir='ltr'>in</span> <span class='ocrx_word' id='word_1_52' title='bbox 1412 749 1465 778; x_wconf 88' lang='lat' dir='ltr'>ea</span> <span class='ocrx_word' id='word_1_53' title='bbox 1484 737 1663 778; x_wconf 87' lang='lat' dir='ltr'>civitate</span> 
     </span>
     <span class='ocr_line' id='line_1_8' title="bbox 214 803 1666 858; baseline -0.001 -12"><span class='ocrx_word' id='word_1_54' title='bbox 214 805 446 847; x_wconf 82' lang='lat' dir='ltr'>adversum</span> <span class='ocrx_word' id='word_1_55' title='bbox 467 809 534 846; x_wconf 87' lang='lat' dir='ltr'>tot</span> <span class='ocrx_word' id='word_1_56' title='bbox 559 804 755 854; x_wconf 84' lang='lat' dir='ltr'>milites,¹</span> <span class='ocrx_word' id='word_1_57' title='bbox 780 804 1155 858; x_wconf 84' lang='lat' dir='ltr'>imperatoresque</span> <span class='ocrx_word' id='word_1_58' title='bbox 1176 804 1389 854; x_wconf 87' lang='lat' dir='ltr'>hostium,</span> <span class='ocrx_word' id='word_1_59' title='bbox 1417 803 1540 846; x_wconf 87' lang='lat' dir='ltr'>varia</span> <span class='ocrx_word' id='word_1_60' title='bbox 1554 816 1666 845; x_wconf 88' lang='lat' dir='ltr'>sem·</span> 
     </span>
     <span class='ocr_line' id='line_1_9' title="bbox 213 871 1666 925; baseline -0.001 -12"><span class='ocrx_word' id='word_1_61' title='bbox 213 885 291 925; x_wconf 88' lang='lat' dir='ltr'>per</span> <span class='ocrx_word' id='word_1_62' title='bbox 324 872 509 914; x_wconf 88' lang='lat' dir='ltr'>victoria</span> <span class='ocrx_word' id='word_1_63' title='bbox 543 875 814 912; x_wconf 83' lang='lat' dir='ltr'>certaverat:</span> <span class='ocrx_word' id='word_1_64' title='bbox 858 871 1014 912; x_wconf 88' lang='lat' dir='ltr'>fortior</span> <span class='ocrx_word' id='word_1_65' title='bbox 1049 885 1182 924; x_wconf 88' lang='lat' dir='ltr'>quam</span> <span class='ocrx_word' id='word_1_66' title='bbox 1215 871 1400 922; x_wconf 80' lang='lat' dir='ltr'>felicior,</span> <span class='ocrx_word' id='word_1_67' title='bbox 1441 871 1512 913; x_wconf 88' lang='lat' dir='ltr'>cui</span> <span class='ocrx_word' id='word_1_68' title='bbox 1546 871 1666 912; x_wconf 83' lang='lat' dir='ltr'>fama</span> 
     </span>
     <span class='ocr_line' id='line_1_10' title="bbox 212 939 1661 993; baseline -0.001 -13"><span class='ocrx_word' id='word_1_69' title='bbox 212 939 405 980; x_wconf 85' lang='lat' dir='ltr'>bellandi</span> <span class='ocrx_word' id='word_1_70' title='bbox 425 939 590 993; x_wconf 88' lang='lat' dir='ltr'>inclyto</span> <span class='ocrx_word' id='word_1_71' title='bbox 610 951 685 992; x_wconf 88' lang='lat' dir='ltr'>per</span> <span class='ocrx_word' id='word_1_72' title='bbox 708 944 876 991; x_wconf 88' lang='lat' dir='ltr'>gentes,</span> <span class='ocrx_word' id='word_1_73' title='bbox 905 952 1130 992; x_wconf 86' lang='lat' dir='ltr'>nunquam</span> <span class='ocrx_word' id='word_1_74' title='bbox 1159 945 1303 980; x_wconf 82' lang='lat' dir='ltr'>tamen</span> <span class='ocrx_word' id='word_1_75' title='bbox 1326 940 1442 980; x_wconf 86' lang='lat' dir='ltr'>vires</span> <span class='ocrx_word' id='word_1_76' title='bbox 1474 939 1661 980; x_wconf 89' lang='lat' dir='ltr'>consilio</span> 
     </span>
     <span class='ocr_line' id='line_1_11' title="bbox 213 1005 1662 1061; baseline -0.001 -13"><span class='ocrx_word' id='word_1_77' title='bbox 213 1007 548 1061; x_wconf 68' lang='lat' dir='ltr'>superfuerant.‘1</span> <span class='ocrx_word' id='word_1_78' title='bbox 600 1006 710 1059; x_wconf 56' lang='lat'>[12]</span> <span class='ocrx_word' id='word_1_79' title='bbox 732 1005 913 1046; x_wconf 86' lang='lat' dir='ltr'>Interim</span> <span class='ocrx_word' id='word_1_80' title='bbox 935 1005 1051 1059; x_wconf 80' lang='lat' dir='ltr'>apud</span> <span class='ocrx_word' id='word_1_81' title='bbox 1075 1005 1275 1057; x_wconf 82' lang='lat' dir='ltr'>Graecos,</span> <span class='ocrx_word' id='word_1_82' title='bbox 1297 1007 1375 1047; x_wconf 91' lang='lat' dir='ltr'>ubi</span> <span class='ocrx_word' id='word_1_83' title='bbox 1389 1006 1585 1047; x_wconf 88' lang='lat' dir='ltr'>Achilles</span> <span class='ocrx_word' id='word_1_84' title='bbox 1608 1006 1662 1046; x_wconf 81' lang='lat' dir='ltr'>ad</span> 
     </span>
     <span class='ocr_line' id='line_1_12' title="bbox 210 1073 1664 1124; baseline 0 -10"><span class='ocrx_word' id='word_1_85' title='bbox 210 1086 345 1116; x_wconf 86' lang='lat' dir='ltr'>naves</span> <span class='ocrx_word' id='word_1_86' title='bbox 360 1073 508 1124; x_wconf 92' lang='lat' dir='ltr'>rediit,</span> <span class='ocrx_word' id='word_1_87' title='bbox 530 1078 576 1114; x_wconf 91' lang='lat' dir='ltr'>et</span> <span class='ocrx_word' id='word_1_88' title='bbox 594 1073 786 1114; x_wconf 85' lang='lat' dir='ltr'>cadaver</span> <span class='ocrx_word' id='word_1_89' title='bbox 807 1073 1018 1113; x_wconf 84' lang='lat' dir='ltr'>Hectoris</span> <span class='ocrx_word' id='word_1_90' title='bbox 1039 1073 1084 1113; x_wconf 88' lang='lat' dir='ltr'>in</span> <span class='ocrx_word' id='word_1_91' title='bbox 1104 1086 1178 1114; x_wconf 89' lang='lat' dir='ltr'>ore</span> <span class='ocrx_word' id='word_1_92' title='bbox 1207 1074 1403 1114; x_wconf 89' lang='lat' dir='ltr'>omnium</span> <span class='ocrx_word' id='word_1_93' title='bbox 1426 1077 1507 1123; x_wconf 88' lang='lat' dir='ltr'>est,</span> <span class='ocrx_word' id='word_1_94' title='bbox 1537 1073 1664 1114; x_wconf 92' lang='lat' dir='ltr'>dolor</span> 
     </span>
     <span class='ocr_line' id='line_1_13' title="bbox 212 1140 1661 1194; baseline 0 -14"><span class='ocrx_word' id='word_1_95' title='bbox 212 1153 344 1193; x_wconf 88' lang='lat' dir='ltr'>quem</span> <span class='ocrx_word' id='word_1_96' title='bbox 367 1141 424 1181; x_wconf 93' lang='lat' dir='ltr'>ob</span> <span class='ocrx_word' id='word_1_97' title='bbox 448 1140 641 1182; x_wconf 88' lang='lat' dir='ltr'>Patrocli</span> <span class='ocrx_word' id='word_1_98' title='bbox 662 1140 887 1180; x_wconf 88' lang='lat' dir='ltr'>interitum</span> <span class='ocrx_word' id='word_1_99' title='bbox 909 1141 1061 1194; x_wconf 87' lang='lat' dir='ltr'>paullo</span> <span class='ocrx_word' id='word_1_100' title='bbox 1094 1145 1192 1181; x_wconf 82' lang='lat' dir='ltr'>ante</span> <span class='ocrx_word' id='word_1_101' title='bbox 1219 1145 1526 1194; x_wconf 87' lang='lat' dir='ltr'>perceperant,</span> <span class='ocrx_word' id='word_1_102' title='bbox 1555 1152 1661 1180; x_wconf 89' lang='lat' dir='ltr'>nece</span> 
     </span>
     <span class='ocr_line' id='line_1_14' title="bbox 209 1207 1661 1260; baseline -0.001 -13"><span class='ocrx_word' id='word_1_103' title='bbox 209 1207 433 1249; x_wconf 85' lang='lat' dir='ltr'>metuendi</span> <span class='ocrx_word' id='word_1_104' title='bbox 451 1207 606 1256; x_wconf 88' lang='lat' dir='ltr'>hostis,</span> <span class='ocrx_word' id='word_1_105' title='bbox 621 1210 662 1247; x_wconf 87' lang='lat' dir='ltr'>et</span> <span class='ocrx_word' id='word_1_106' title='bbox 683 1208 740 1247; x_wconf 92' lang='lat' dir='ltr'>ob</span> <span class='ocrx_word' id='word_1_107' title='bbox 762 1207 805 1247; x_wconf 92' lang='lat' dir='ltr'>id</span> <span class='ocrx_word' id='word_1_108' title='bbox 828 1208 1057 1260; x_wconf 78' lang='lat' dir='ltr'>praecipua</span> <span class='ocrx_word' id='word_1_109' title='bbox 1077 1208 1235 1248; x_wconf 83' lang='lat' dir='ltr'>laetitia</span> <span class='ocrx_word' id='word_1_110' title='bbox 1256 1207 1661 1249; x_wconf 78' lang='lat' dir='ltr'>circumscribitur.¹¹</span> 
     </span>
     <span class='ocr_line' id='line_1_15' title="bbox 210 1272 1661 1329; baseline -0.001 -14"><span class='ocrx_word' id='word_1_111' title='bbox 210 1272 279 1314; x_wconf 91' lang='lat' dir='ltr'>Ac</span> <span class='ocrx_word' id='word_1_112' title='bbox 302 1279 394 1315; x_wconf 91' lang='lat' dir='ltr'>tum</span> <span class='ocrx_word' id='word_1_113' title='bbox 415 1275 632 1315; x_wconf 84' lang='lat' dir='ltr'>universis</span> <span class='ocrx_word' id='word_1_114' title='bbox 654 1275 818 1327; x_wconf 82' lang='lat' dir='ltr'>placet,</span> <span class='ocrx_word' id='word_1_115' title='bbox 841 1275 905 1315; x_wconf 86' lang='lat' dir='ltr'>uti</span> <span class='ocrx_word' id='word_1_116' title='bbox 925 1274 971 1314; x_wconf 92' lang='lat' dir='ltr'>in</span> <span class='ocrx_word' id='word_1_117' title='bbox 991 1275 1200 1316; x_wconf 88' lang='lat' dir='ltr'>honorem</span> <span class='ocrx_word' id='word_1_118' title='bbox 1221 1275 1331 1329; x_wconf 82' lang='lat' dir='ltr'>ejus,</span> <span class='ocrx_word' id='word_1_119' title='bbox 1354 1275 1559 1328; x_wconf 82' lang='lat' dir='ltr'>quoniam</span> <span class='ocrx_word' id='word_1_120' title='bbox 1583 1274 1661 1313; x_wconf 85' lang='lat' dir='ltr'>ab·</span> 
     </span>
     <span class='ocr_line' id='line_1_16' title="bbox 208 1341 1657 1391; baseline -0.001 -11"><span class='ocrx_word' id='word_1_121' title='bbox 208 1345 326 1382; x_wconf 79' lang='lat' dir='ltr'>esset</span> <span class='ocrx_word' id='word_1_122' title='bbox 346 1341 516 1382; x_wconf 85' lang='lat' dir='ltr'>hostilis</span> <span class='ocrx_word' id='word_1_123' title='bbox 536 1347 697 1391; x_wconf 88' lang='lat' dir='ltr'>metus,</span> <span class='ocrx_word' id='word_1_124' title='bbox 715 1346 937 1382; x_wconf 79' lang='lat' dir='ltr'>certamen</span> <span class='ocrx_word' id='word_1_125' title='bbox 957 1342 1072 1383; x_wconf 85' lang='lat' dir='ltr'>ludis</span> <span class='ocrx_word' id='word_1_126' title='bbox 1094 1342 1271 1383; x_wconf 83' lang='lat' dir='ltr'>solitum</span> <span class='ocrx_word' id='word_1_127' title='bbox 1288 1347 1304 1364; x_wconf 89' lang='lat'>⁰</span> <span class='ocrx_word' id='word_1_128' title='bbox 1335 1341 1629 1382; x_wconf 85' lang='lat' dir='ltr'>celebraretur</span> <span class='ocrx_word' id='word_1_129' title='bbox 1647 1353 1657 1377; x_wconf 74' lang='grc' dir='ltr'>ε</span> 
     </span>
     <span class='ocr_line' id='line_1_17' title="bbox 205 1407 1660 1461; baseline -0.001 -13"><span class='ocrx_word' id='word_1_130' title='bbox 205 1420 348 1461; x_wconf 86' lang='lat' dir='ltr'>neque</span> <span class='ocrx_word' id='word_1_131' title='bbox 369 1409 509 1449; x_wconf 87' lang='lat' dir='ltr'>minus</span> <span class='ocrx_word' id='word_1_132' title='bbox 529 1413 673 1450; x_wconf 88' lang='lat' dir='ltr'>tamen</span> <span class='ocrx_word' id='word_1_133' title='bbox 695 1408 851 1461; x_wconf 85' lang='lat' dir='ltr'>reliqui</span> <span class='ocrx_word' id='word_1_134' title='bbox 871 1408 1041 1461; x_wconf 91' lang='lat' dir='ltr'>populi,</span> <span class='ocrx_word' id='word_1_135' title='bbox 1064 1409 1141 1461; x_wconf 89' lang='lat' dir='ltr'>qui</span> <span class='ocrx_word' id='word_1_136' title='bbox 1172 1422 1255 1449; x_wconf 88' lang='lat' dir='ltr'>non</span> <span class='ocrx_word' id='word_1_137' title='bbox 1291 1407 1498 1448; x_wconf 83' lang='lat' dir='ltr'>certaturi</span> <span class='ocrx_word' id='word_1_138' title='bbox 1529 1419 1660 1460; x_wconf 88' lang='lat' dir='ltr'>spec·</span> 
     </span>
     <span class='ocr_line' id='line_1_18' title="bbox 205 1474 1654 1528; baseline -0.001 -14"><span class='ocrx_word' id='word_1_139' title='bbox 205 1475 325 1516; x_wconf 85' lang='lat' dir='ltr'>tandi</span> <span class='ocrx_word' id='word_1_140' title='bbox 355 1476 493 1528; x_wconf 86' lang='lat' dir='ltr'>gratia</span> <span class='ocrx_word' id='word_1_141' title='bbox 523 1479 830 1523; x_wconf 86' lang='lat' dir='ltr'>convenerant,</span> <span class='ocrx_word' id='word_1_142' title='bbox 860 1475 1060 1515; x_wconf 86' lang='lat' dir='ltr'>instructi</span> <span class='ocrx_word' id='word_1_143' title='bbox 1091 1476 1240 1524; x_wconf 84' lang='lat' dir='ltr'>armis,</span> <span class='ocrx_word' id='word_1_144' title='bbox 1271 1474 1502 1528; x_wconf 81' lang='lat' dir='ltr'>paratique</span> <span class='ocrx_word' id='word_1_145' title='bbox 1525 1474 1654 1514; x_wconf 90' lang='lat' dir='ltr'>ades-</span> 
     </span>
     <span class='ocr_line' id='line_1_19' title="bbox 205 1540 1657 1595; baseline -0.001 -14"><span class='ocrx_word' id='word_1_146' title='bbox 205 1545 331 1583; x_wconf 88' lang='lat' dir='ltr'>sent:</span> <span class='ocrx_word' id='word_1_147' title='bbox 362 1555 416 1583; x_wconf 92' lang='lat' dir='ltr'>ne</span> <span class='ocrx_word' id='word_1_148' title='bbox 447 1555 533 1595; x_wconf 85' lang='lat' dir='ltr'>qua</span> <span class='ocrx_word' id='word_1_149' title='bbox 563 1543 731 1583; x_wconf 86' lang='lat' dir='ltr'>scilicet</span> <span class='ocrx_word' id='word_1_150' title='bbox 760 1542 914 1590; x_wconf 80' lang='lat' dir='ltr'>hostis,</span> <span class='ocrx_word' id='word_1_151' title='bbox 936 1543 1137 1594; x_wconf 76' lang='lat' dir='ltr'>quamvis</span> <span class='ocrx_word' id='word_1_152' title='bbox 1168 1542 1319 1582; x_wconf 83' lang='lat' dir='ltr'>fractis</span> <span class='ocrx_word' id='word_1_153' title='bbox 1340 1540 1488 1590; x_wconf 80' lang='lat' dir='ltr'>rebus,</span> <span class='ocrx_word' id='word_1_154' title='bbox 1520 1540 1657 1581; x_wconf 88' lang='lat' dir='ltr'>solito</span> 
     </span>
     <span class='ocr_line' id='line_1_20' title="bbox 203 1607 1658 1660; baseline 0 -13"><span class='ocrx_word' id='word_1_155' title='bbox 203 1611 351 1648; x_wconf 87' lang='lat' dir='ltr'>tamen</span> <span class='ocrx_word' id='word_1_156' title='bbox 371 1608 610 1650; x_wconf 86' lang='lat' dir='ltr'>insidiandi</span> <span class='ocrx_word' id='word_1_157' title='bbox 633 1621 751 1648; x_wconf 91' lang='lat' dir='ltr'>more</span> <span class='ocrx_word' id='word_1_158' title='bbox 773 1609 969 1648; x_wconf 86' lang='lat' dir='ltr'>irrueret.</span> <span class='ocrx_word' id='word_1_159' title='bbox 1030 1608 1169 1660; x_wconf 83' lang='lat' dir='ltr'>Igitur</span> <span class='ocrx_word' id='word_1_160' title='bbox 1189 1607 1386 1649; x_wconf 90' lang='lat' dir='ltr'>Achilles</span> <span class='ocrx_word' id='word_1_161' title='bbox 1410 1607 1658 1647; x_wconf 85' lang='lat' dir='ltr'>victoribus</span> 
     </span>
     <span class='ocr_line' id='line_1_21' title="bbox 201 1674 1659 1729; baseline 0 -14"><span class='ocrx_word' id='word_1_162' title='bbox 201 1675 420 1728; x_wconf 74' lang='lat' dir='ltr'>praemia,1³</span> <span class='ocrx_word' id='word_1_163' title='bbox 450 1688 550 1729; x_wconf 86' lang='lat' dir='ltr'>quae</span> <span class='ocrx_word' id='word_1_164' title='bbox 581 1676 620 1715; x_wconf 91' lang='lat' dir='ltr'>ei</span> <span class='ocrx_word' id='word_1_165' title='bbox 654 1674 919 1715; x_wconf 80' lang='lat' dir='ltr'>videbantur</span> <span class='ocrx_word' id='word_1_166' title='bbox 948 1675 1157 1724; x_wconf 81' lang='lat' dir='ltr'>maxima,</span> <span class='ocrx_word' id='word_1_167' title='bbox 1180 1675 1313 1715; x_wconf 83' lang='lat' dir='ltr'>statui</span> <span class='ocrx_word' id='word_1_168' title='bbox 1344 1674 1540 1727; x_wconf 85' lang='lat' dir='ltr'>imperat.</span> <span class='ocrx_word' id='word_1_169' title='bbox 1601 1674 1659 1715; x_wconf 86' lang='lat' dir='ltr'>Et</span> 
     </span>
     <span class='ocr_line' id='line_1_22' title="bbox 202 1740 1658 1795; baseline -0.001 -13"><span class='ocrx_word' id='word_1_170' title='bbox 202 1746 442 1795; x_wconf 86' lang='lat' dir='ltr'>postquam</span> <span class='ocrx_word' id='word_1_171' title='bbox 463 1741 570 1781; x_wconf 89' lang='lat' dir='ltr'>nihil</span> <span class='ocrx_word' id='word_1_172' title='bbox 588 1741 807 1794; x_wconf 89' lang='lat' dir='ltr'>reliquum</span> <span class='ocrx_word' id='word_1_173' title='bbox 829 1745 939 1790; x_wconf 83' lang='lat' dir='ltr'>erat,</span> <span class='ocrx_word' id='word_1_174' title='bbox 956 1753 1082 1794; x_wconf 83' lang='lat' dir='ltr'>reges</span> <span class='ocrx_word' id='word_1_175' title='bbox 1105 1754 1256 1782; x_wconf 86' lang='lat' dir='ltr'>omnes</span> <span class='ocrx_word' id='word_1_176' title='bbox 1277 1740 1331 1781; x_wconf 82' lang='lat' dir='ltr'>ad</span> <span class='ocrx_word' id='word_1_177' title='bbox 1354 1740 1658 1781; x_wconf 82' lang='lat' dir='ltr'>confidendum</span> 
     </span>
    </p>
   </div>
   <div class='ocr_carea' id='block_1_3' title="bbox 241 1883 1531 1924">
    <p class='ocr_par' dir='ltr' id='par_1_3' title="bbox 241 1883 1531 1924">
     <span class='ocr_line' id='line_1_23' title="bbox 241 1883 1531 1924; baseline 0 -9"><span class='ocrx_word' id='word_1_178' title='bbox 241 1889 257 1903; x_wconf 73' lang='lat'>‘⁴</span> <span class='ocrx_word' id='word_1_179' title='bbox 282 1884 342 1915; x_wconf 77' lang='lat' dir='ltr'>Cui</span> <span class='ocrx_word' id='word_1_180' title='bbox 357 1883 557 1924; x_wconf 80' lang='lat' dir='ltr'>belligerandi</span> <span class='ocrx_word' id='word_1_181' title='bbox 562 1884 653 1922; x_wconf 80' lang='lat' dir='ltr'>fama</span> <span class='ocrx_word' id='word_1_182' title='bbox 668 1883 764 1915; x_wconf 82' lang='lat' dir='ltr'>nobili</span> <span class='ocrx_word' id='word_1_183' title='bbox 779 1894 934 1924; x_wconf 82' lang='lat' dir='ltr'>nunquam</span> <span class='ocrx_word' id='word_1_184' title='bbox 951 1887 1051 1915; x_wconf 80' lang='lat' dir='ltr'>tumen</span> <span class='ocrx_word' id='word_1_185' title='bbox 1067 1884 1151 1916; x_wconf 61' lang='lat' dir='ltr'>vires</span> <span class='ocrx_word' id='word_1_186' title='bbox 1166 1885 1232 1916; x_wconf 83' lang='lat' dir='ltr'>sine</span> <span class='ocrx_word' id='word_1_187' title='bbox 1248 1884 1378 1916; x_wconf 77' lang='lat' dir='ltr'>consilio</span> <span class='ocrx_word' id='word_1_188' title='bbox 1385 1884 1531 1921; x_wconf 74' lang='lat' dir='ltr'>fuerant.</span> 
     </span>
    </p>
   </div>
   <div class='ocr_carea' id='block_1_4' title="bbox 199 2077 1649 2119">
    <p class='ocr_par' dir='ltr' id='par_1_4' title="bbox 199 2077 1649 2119">
     <span class='ocr_line' id='line_1_24' title="bbox 199 2077 1649 2119; baseline -0.001 -10"><span class='ocrx_word' id='word_1_189' title='bbox 199 2080 218 2109; x_wconf 89' lang='lat'>8</span> <span class='ocrx_word' id='word_1_190' title='bbox 242 2077 367 2119; x_wconf 84' lang='lat' dir='ltr'>Delph.</span> <span class='ocrx_word' id='word_1_191' title='bbox 380 2077 616 2109; x_wconf 81' lang='lat' dir='ltr'>credidere.—9</span> <span class='ocrx_word' id='word_1_192' title='bbox 632 2078 759 2119; x_wconf 86' lang='lat' dir='ltr'>Delph.</span> <span class='ocrx_word' id='word_1_193' title='bbox 775 2079 798 2110; x_wconf 78' lang='lat' dir='ltr'>i.</span> <span class='ocrx_word' id='word_1_194' title='bbox 817 2079 862 2110; x_wconf 90' lang='lat' dir='ltr'>H.</span> <span class='ocrx_word' id='word_1_195' title='bbox 878 2079 911 2110; x_wconf 81' lang='lat' dir='ltr'>in</span> <span class='ocrx_word' id='word_1_196' title='bbox 926 2079 1028 2110; x_wconf 84' lang='lat' dir='ltr'>animo</span> <span class='ocrx_word' id='word_1_197' title='bbox 1045 2078 1229 2110; x_wconf 56' lang='lat' dir='ltr'>habere—1</span> <span class='ocrx_word' id='word_1_198' title='bbox 1250 2077 1376 2118; x_wconf 87' lang='lat' dir='ltr'>Delph.</span> <span class='ocrx_word' id='word_1_199' title='bbox 1393 2077 1504 2118; x_wconf 80' lang='lat' dir='ltr'>millia,</span> <span class='ocrx_word' id='word_1_200' title='bbox 1519 2082 1553 2110; x_wconf 80' lang='lat' dir='ltr'>et</span> <span class='ocrx_word' id='word_1_201' title='bbox 1571 2088 1649 2110; x_wconf 82' lang='lat' dir='ltr'>mox</span> 
     </span>
    </p>
   </div>
   <div class='ocr_carea' id='block_1_5' title="bbox 852 2186 1545 2301">
    <p class='ocr_par' dir='ltr' id='par_1_5' title="bbox 852 2186 1545 2301">
     <span class='ocr_line' id='line_1_25' title="bbox 852 2186 995 2218; baseline 0 0"><span class='ocrx_word' id='word_1_202' title='bbox 852 2186 995 2218; x_wconf 79' lang='lat' dir='ltr'>NOTAE</span> 
     </span>
     <span class='ocr_line' id='line_1_26' title="bbox 954 2259 1545 2301; baseline -0.005 -9"><span class='ocrx_word' id='word_1_203' title='bbox 954 2265 1022 2300; x_wconf 91' lang='lat' dir='ltr'>tur,</span> <span class='ocrx_word' id='word_1_204' title='bbox 1047 2271 1065 2292; x_wconf 87' lang='lat' dir='ltr'>a</span> <span class='ocrx_word' id='word_1_205' title='bbox 1081 2270 1149 2301; x_wconf 88' lang='lat' dir='ltr'>qno</span> <span class='ocrx_word' id='word_1_206' title='bbox 1165 2264 1217 2291; x_wconf 87' lang='lat' dir='ltr'>est</span> <span class='ocrx_word' id='word_1_207' title='bbox 1235 2259 1545 2300; x_wconf 83' lang='lat' dir='ltr'>circumscriptum.</span> 
     </span>
    </p>
   </div>
   <div class='ocr_carea' id='block_1_6' title="bbox 952 2309 1653 2392">
    <p class='ocr_par' dir='ltr' id='par_1_6' title="bbox 952 2309 1653 2392">
     <span class='ocr_line' id='line_1_27' title="bbox 994 2309 1653 2348; baseline 0 -7"><span class='ocrx_word' id='word_1_208' title='bbox 994 2316 1010 2331; x_wconf 87' lang='lat'><strong>0</strong></span> <span class='ocrx_word' id='word_1_209' title='bbox 1035 2311 1199 2341; x_wconf 80' lang='lat' dir='ltr'>Certamen</span> <span class='ocrx_word' id='word_1_210' title='bbox 1214 2310 1295 2340; x_wconf 77' lang='lat' dir='ltr'>ludis</span> <span class='ocrx_word' id='word_1_211' title='bbox 1309 2309 1450 2348; x_wconf 80' lang='lat' dir='ltr'>solitum]</span> <span class='ocrx_word' id='word_1_212' title='bbox 1484 2309 1513 2340; x_wconf 96' lang='grc' dir='ltr'>Ῑ.</span> <span class='ocrx_word' id='word_1_213' title='bbox 1539 2314 1577 2340; x_wconf 90' lang='lat' dir='ltr'>ut</span> <span class='ocrx_word' id='word_1_214' title='bbox 1602 2320 1653 2341; x_wconf 83' lang='lat' dir='ltr'>so-</span> 
     </span>
     <span class='ocr_line' id='line_1_28' title="bbox 952 2359 1653 2392; baseline -0.003 0"><span class='ocrx_word' id='word_1_215' title='bbox 952 2362 1050 2392; x_wconf 89' lang='lat' dir='ltr'>litum</span> <span class='ocrx_word' id='word_1_216' title='bbox 1067 2366 1241 2391; x_wconf 78' lang='lat' dir='ltr'>certamen</span> <span class='ocrx_word' id='word_1_217' title='bbox 1257 2369 1331 2391; x_wconf 89' lang='lat' dir='ltr'>cum</span> <span class='ocrx_word' id='word_1_218' title='bbox 1348 2359 1436 2390; x_wconf 85' lang='lat' dir='ltr'>ludis</span> <span class='ocrx_word' id='word_1_219' title='bbox 1461 2359 1653 2390; x_wconf 83' lang='lat' dir='ltr'>celebrare-</span> 
     </span>
    </p>
   </div>
   <div class='ocr_carea' id='block_1_7' title="bbox 197 2259 897 2401">
    <p class='ocr_par' dir='ltr' id='par_1_7' title="bbox 197 2259 897 2401">
     <span class='ocr_line' id='line_1_29' title="bbox 251 2259 896 2301; baseline 0 -9"><span class='ocrx_word' id='word_1_220' title='bbox 251 2260 266 2281; x_wconf 55' lang='grc' dir='ltr'><strong>Κ</strong></span> <span class='ocrx_word' id='word_1_221' title='bbox 297 2260 525 2300; x_wconf 57' lang='lat' dir='ltr'>Emeum-osque</span> <span class='ocrx_word' id='word_1_222' title='bbox 552 2259 673 2300; x_wconf 84' lang='lat' dir='ltr'>urbem]</span> <span class='ocrx_word' id='word_1_223' title='bbox 726 2261 822 2301; x_wconf 81' lang='lat' dir='ltr'>Virg.</span> <span class='ocrx_word' id='word_1_224' title='bbox 853 2269 896 2292; x_wconf 83' lang='lat'>1¹.</span> 
     </span>
     <span class='ocr_line' id='line_1_30' title="bbox 199 2311 897 2351; baseline 0 -9"><span class='ocrx_word' id='word_1_225' title='bbox 199 2312 273 2343; x_wconf 81' lang='lat' dir='ltr'>AEn.</span> <span class='ocrx_word' id='word_1_226' title='bbox 303 2315 311 2328; x_wconf 77' lang='lat'><em>⁴</em></span> <span class='ocrx_word' id='word_1_227' title='bbox 330 2311 404 2342; x_wconf 87' lang='lat' dir='ltr'>Nec</span> <span class='ocrx_word' id='word_1_228' title='bbox 431 2319 529 2350; x_wconf 88' lang='lat' dir='ltr'>posse</span> <span class='ocrx_word' id='word_1_229' title='bbox 547 2311 717 2351; x_wconf 80' lang='lat' dir='ltr'>Argolic1s</span> <span class='ocrx_word' id='word_1_230' title='bbox 742 2311 897 2343; x_wconf 88' lang='lat' dir='ltr'>exscindi</span> 
     </span>
     <span class='ocr_line' id='line_1_31' title="bbox 197 2360 486 2401; baseline -0.007 -9"><span class='ocrx_word' id='word_1_231' title='bbox 197 2361 366 2401; x_wconf 82' lang='lat' dir='ltr'>Pergama</span> <span class='ocrx_word' id='word_1_232' title='bbox 384 2360 486 2391; x_wconf 65' lang='lat' dir='ltr'>telis!</span> 
     </span>
    </p>
   </div>
   <div class='ocr_carea' id='block_1_8' title="bbox 197 2409 899 2894">
    <p class='ocr_par' dir='ltr' id='par_1_8' title="bbox 197 2409 899 2650">
     <span class='ocr_line' id='line_1_32' title="bbox 238 2409 898 2451; baseline 0.002 -10"><span class='ocrx_word' id='word_1_233' title='bbox 238 2409 246 2430; x_wconf 89' lang='lat'>¹</span> <span class='ocrx_word' id='word_1_234' title='bbox 272 2411 405 2442; x_wconf 73' lang='lat' dir='ltr'>Fructus</span> <span class='ocrx_word' id='word_1_235' title='bbox 419 2411 597 2451; x_wconf 77' lang='lat' dir='ltr'>ablatusque</span> <span class='ocrx_word' id='word_1_236' title='bbox 611 2411 696 2451; x_wconf 81' lang='lat' dir='ltr'>opes]</span> <span class='ocrx_word' id='word_1_237' title='bbox 731 2411 828 2451; x_wconf 89' lang='lat' dir='ltr'>Opes</span> <span class='ocrx_word' id='word_1_238' title='bbox 844 2411 898 2442; x_wconf 87' lang='lat' dir='ltr'>hic</span> 
     </span>
     <span class='ocr_line' id='line_1_33' title="bbox 197 2459 899 2501; baseline 0.001 -10"><span class='ocrx_word' id='word_1_239' title='bbox 197 2460 364 2500; x_wconf 85' lang='lat' dir='ltr'>intellige,</span> <span class='ocrx_word' id='word_1_240' title='bbox 381 2459 552 2501; x_wconf 65' lang='lat' dir='ltr'>praesidia,</span> <span class='ocrx_word' id='word_1_241' title='bbox 570 2460 746 2498; x_wconf 85' lang='lat' dir='ltr'>tutamina,</span> <span class='ocrx_word' id='word_1_242' title='bbox 763 2460 825 2492; x_wconf 73' lang='grc' dir='ltr'>διο.</span> <span class='ocrx_word' id='word_1_243' title='bbox 850 2461 899 2492; x_wconf 87' lang='lat' dir='ltr'>Ut</span> 
     </span>
     <span class='ocr_line' id='line_1_34' title="bbox 197 2509 897 2550; baseline 0 -9"><span class='ocrx_word' id='word_1_244' title='bbox 197 2511 233 2541; x_wconf 90' lang='lat' dir='ltr'>in</span> <span class='ocrx_word' id='word_1_245' title='bbox 248 2510 303 2541; x_wconf 85' lang='lat' dir='ltr'>illo</span> <span class='ocrx_word' id='word_1_246' title='bbox 313 2511 409 2550; x_wconf 85' lang='lat' dir='ltr'>Virg.</span> <span class='ocrx_word' id='word_1_247' title='bbox 422 2518 462 2541; x_wconf 83' lang='lat'>11.</span> <span class='ocrx_word' id='word_1_248' title='bbox 476 2509 551 2540; x_wconf 81' lang='lat' dir='ltr'>AEn.</span> <span class='ocrx_word' id='word_1_249' title='bbox 563 2510 572 2527; x_wconf 88' lang='lat'>‘</span> <span class='ocrx_word' id='word_1_250' title='bbox 585 2509 663 2550; x_wconf 91' lang='lat' dir='ltr'>Troj</span> <span class='ocrx_word' id='word_1_251' title='bbox 671 2519 750 2540; x_wconf 86' lang='lat' dir='ltr'>anas</span> <span class='ocrx_word' id='word_1_252' title='bbox 765 2514 802 2541; x_wconf 89' lang='lat' dir='ltr'>ut</span> <span class='ocrx_word' id='word_1_253' title='bbox 814 2520 897 2550; x_wconf 90' lang='lat' dir='ltr'>opes</span> 
     </span>
     <span class='ocr_line' id='line_1_35' title="bbox 198 2560 896 2601; baseline 0.001 -9"><span class='ocrx_word' id='word_1_254' title='bbox 198 2567 234 2592; x_wconf 88' lang='lat' dir='ltr'>et</span> <span class='ocrx_word' id='word_1_255' title='bbox 249 2561 465 2592; x_wconf 79' lang='lat' dir='ltr'>lamentabile</span> <span class='ocrx_word' id='word_1_256' title='bbox 491 2570 632 2601; x_wconf 86' lang='lat' dir='ltr'>regnum</span> <span class='ocrx_word' id='word_1_257' title='bbox 649 2560 811 2592; x_wconf 87' lang='lat' dir='ltr'>Eruerint</span> <span class='ocrx_word' id='word_1_258' title='bbox 828 2562 896 2593; x_wconf 85' lang='lat' dir='ltr'>Da-</span> 
     </span>
     <span class='ocr_line' id='line_1_36' title="bbox 198 2610 703 2650; baseline -0.004 -8"><span class='ocrx_word' id='word_1_259' title='bbox 198 2611 275 2642; x_wconf 69' lang='lat' dir='ltr'>nai!</span> <span class='ocrx_word' id='word_1_260' title='bbox 318 2610 387 2642; x_wconf 92' lang='lat' dir='ltr'>Ubi</span> <span class='ocrx_word' id='word_1_261' title='bbox 404 2611 491 2642; x_wconf 88' lang='lat' dir='ltr'>male</span> <span class='ocrx_word' id='word_1_262' title='bbox 508 2611 703 2650; x_wconf 83' lang='lat' dir='ltr'>Interpres.</span> 
     </span>
    </p>

    <p class='ocr_par' dir='ltr' id='par_1_9' title="bbox 197 2659 896 2799">
     <span class='ocr_line' id='line_1_37' title="bbox 239 2659 894 2701; baseline -0.002 -10"><span class='ocrx_word' id='word_1_263' title='bbox 239 2666 262 2681; x_wconf 79' lang='lat'>¹¹²</span> <span class='ocrx_word' id='word_1_264' title='bbox 279 2661 400 2701; x_wconf 80' lang='lat' dir='ltr'>Quippe</span> <span class='ocrx_word' id='word_1_265' title='bbox 414 2661 442 2691; x_wconf 81' lang='lat' dir='ltr'>is</span> <span class='ocrx_word' id='word_1_266' title='bbox 457 2661 538 2691; x_wconf 85' lang='lat' dir='ltr'>solus</span> <span class='ocrx_word' id='word_1_267' title='bbox 550 2659 698 2699; x_wconf 79' lang='lat' dir='ltr'>omnium]</span> <span class='ocrx_word' id='word_1_268' title='bbox 722 2660 809 2691; x_wconf 85' lang='lat' dir='ltr'>Inde</span> <span class='ocrx_word' id='word_1_269' title='bbox 825 2660 894 2691; x_wconf 91' lang='lat' dir='ltr'>Ho-</span> 
     </span>
     <span class='ocr_line' id='line_1_38' title="bbox 197 2710 896 2742; baseline 0 0"><span class='ocrx_word' id='word_1_270' title='bbox 197 2715 262 2742; x_wconf 84' lang='lat' dir='ltr'>rat.</span> <span class='ocrx_word' id='word_1_271' title='bbox 290 2712 300 2728; x_wconf 95' lang='lat'>‘</span> <span class='ocrx_word' id='word_1_272' title='bbox 319 2711 364 2741; x_wconf 90' lang='lat' dir='ltr'>Et</span> <span class='ocrx_word' id='word_1_273' title='bbox 392 2710 546 2741; x_wconf 80' lang='lat' dir='ltr'>ademtus</span> <span class='ocrx_word' id='word_1_274' title='bbox 579 2710 712 2741; x_wconf 83' lang='lat' dir='ltr'>Hector</span> <span class='ocrx_word' id='word_1_275' title='bbox 736 2710 896 2742; x_wconf 86' lang='lat' dir='ltr'>Tradidit</span> 
     </span>
     <span class='ocr_line' id='line_1_39' title="bbox 198 2759 863 2799; baseline 0 -9"><span class='ocrx_word' id='word_1_276' title='bbox 198 2760 294 2790; x_wconf 75' lang='lat' dir='ltr'>fessis</span> <span class='ocrx_word' id='word_1_277' title='bbox 305 2761 433 2791; x_wconf 87' lang='lat' dir='ltr'>leviora</span> <span class='ocrx_word' id='word_1_278' title='bbox 450 2761 522 2791; x_wconf 87' lang='lat' dir='ltr'>tolli</span> <span class='ocrx_word' id='word_1_279' title='bbox 535 2760 706 2799; x_wconf 78' lang='lat' dir='ltr'>Pergama</span> <span class='ocrx_word' id='word_1_280' title='bbox 722 2759 863 2792; x_wconf 85' lang='lat' dir='ltr'>Graiis.’</span> 
     </span>
    </p>

    <p class='ocr_par' dir='ltr' id='par_1_10' title="bbox 198 2811 894 2894">
     <span class='ocr_line' id='line_1_40' title="bbox 241 2811 894 2853; baseline 0.003 -12"><span class='ocrx_word' id='word_1_281' title='bbox 241 2815 254 2831; x_wconf 84' lang='lat'>¹¹</span> <span class='ocrx_word' id='word_1_282' title='bbox 279 2811 565 2853; x_wconf 74' lang='lat' dir='ltr'>Circumscribitur]</span> <span class='ocrx_word' id='word_1_283' title='bbox 603 2812 646 2843; x_wconf 91' lang='lat' dir='ltr'>Id</span> <span class='ocrx_word' id='word_1_284' title='bbox 672 2817 738 2849; x_wconf 89' lang='lat' dir='ltr'>est,</span> <span class='ocrx_word' id='word_1_285' title='bbox 764 2812 894 2844; x_wconf 84' lang='lat' dir='ltr'>finitur.</span> 
     </span>
     <span class='ocr_line' id='line_1_41' title="bbox 198 2861 893 2894; baseline 0.003 -2"><span class='ocrx_word' id='word_1_286' title='bbox 198 2862 308 2892; x_wconf 84' lang='lat' dir='ltr'>Omne</span> <span class='ocrx_word' id='word_1_287' title='bbox 325 2861 411 2892; x_wconf 81' lang='lat' dir='ltr'>enim</span> <span class='ocrx_word' id='word_1_288' title='bbox 428 2862 470 2893; x_wconf 79' lang='lat' dir='ltr'>ab</span> <span class='ocrx_word' id='word_1_289' title='bbox 494 2871 533 2893; x_wconf 86' lang='lat' dir='ltr'>eo</span> <span class='ocrx_word' id='word_1_290' title='bbox 561 2861 680 2893; x_wconf 82' lang='lat' dir='ltr'>finitur</span> <span class='ocrx_word' id='word_1_291' title='bbox 703 2867 739 2894; x_wconf 90' lang='lat' dir='ltr'>et</span> <span class='ocrx_word' id='word_1_292' title='bbox 764 2862 893 2894; x_wconf 82' lang='lat' dir='ltr'>claudi-</span> 
     </span>
    </p>
   </div>
   <div class='ocr_carea' id='block_1_9' title="bbox 949 2410 1652 2844">
    <p class='ocr_par' dir='ltr' id='par_1_11' title="bbox 951 2410 1652 2642">
     <span class='ocr_line' id='line_1_42' title="bbox 953 2410 1652 2451; baseline -0.001 -9"><span class='ocrx_word' id='word_1_293' title='bbox 953 2416 1019 2442; x_wconf 80' lang='lat' dir='ltr'>tur.</span> <span class='ocrx_word' id='word_1_294' title='bbox 1066 2410 1209 2442; x_wconf 86' lang='lat' dir='ltr'>Solitum</span> <span class='ocrx_word' id='word_1_295' title='bbox 1237 2414 1349 2441; x_wconf 85' lang='lat' dir='ltr'>autem</span> <span class='ocrx_word' id='word_1_296' title='bbox 1375 2414 1498 2448; x_wconf 84' lang='lat' dir='ltr'>vocat3</span> <span class='ocrx_word' id='word_1_297' title='bbox 1522 2410 1600 2451; x_wconf 90' lang='lat' dir='ltr'>quia</span> <span class='ocrx_word' id='word_1_298' title='bbox 1626 2411 1652 2441; x_wconf 85' lang='lat' dir='ltr'>is</span> 
     </span>
     <span class='ocr_line' id='line_1_43' title="bbox 952 2459 1652 2500; baseline -0.003 -9"><span class='ocrx_word' id='word_1_299' title='bbox 952 2470 1023 2491; x_wconf 88' lang='lat' dir='ltr'>mos</span> <span class='ocrx_word' id='word_1_300' title='bbox 1043 2459 1121 2500; x_wconf 83' lang='lat' dir='ltr'>fuit,</span> <span class='ocrx_word' id='word_1_301' title='bbox 1150 2464 1187 2490; x_wconf 91' lang='lat' dir='ltr'>ut</span> <span class='ocrx_word' id='word_1_302' title='bbox 1211 2460 1302 2490; x_wconf 89' lang='lat' dir='ltr'>circa</span> <span class='ocrx_word' id='word_1_303' title='bbox 1317 2463 1526 2489; x_wconf 84' lang='lat' dir='ltr'>mortuorum</span> <span class='ocrx_word' id='word_1_304' title='bbox 1543 2468 1652 2499; x_wconf 81' lang='lat' dir='ltr'>rogos,</span> 
     </span>
     <span class='ocr_line' id='line_1_44' title="bbox 951 2509 1652 2551; baseline 0 -10"><span class='ocrx_word' id='word_1_305' title='bbox 951 2512 1122 2551; x_wconf 87' lang='lat' dir='ltr'>sepulcra,</span> <span class='ocrx_word' id='word_1_306' title='bbox 1138 2510 1192 2541; x_wconf 86' lang='lat' dir='ltr'>vel</span> <span class='ocrx_word' id='word_1_307' title='bbox 1215 2510 1318 2540; x_wconf 84' lang='lat' dir='ltr'>etiam</span> <span class='ocrx_word' id='word_1_308' title='bbox 1343 2509 1376 2539; x_wconf 87' lang='lat' dir='ltr'>iu</span> <span class='ocrx_word' id='word_1_309' title='bbox 1395 2518 1509 2540; x_wconf 85' lang='lat' dir='ltr'>eorum</span> <span class='ocrx_word' id='word_1_310' title='bbox 1527 2519 1652 2541; x_wconf 87' lang='lat' dir='ltr'>memo-</span> 
     </span>
     <span class='ocr_line' id='line_1_45' title="bbox 953 2560 1652 2601; baseline 0 -10"><span class='ocrx_word' id='word_1_311' title='bbox 953 2563 1050 2601; x_wconf 87' lang='lat' dir='ltr'>riam,</span> <span class='ocrx_word' id='word_1_312' title='bbox 1078 2560 1150 2592; x_wconf 83' lang='lat' dir='ltr'>ludi</span> <span class='ocrx_word' id='word_1_313' title='bbox 1178 2565 1211 2591; x_wconf 85' lang='lat' dir='ltr'>et</span> <span class='ocrx_word' id='word_1_314' title='bbox 1238 2560 1424 2592; x_wconf 86' lang='lat' dir='ltr'>certamina</span> <span class='ocrx_word' id='word_1_315' title='bbox 1450 2569 1652 2599; x_wconf 83' lang='lat' dir='ltr'>perageren-</span> 
     </span>
     <span class='ocr_line' id='line_1_46' title="bbox 953 2617 1019 2642; baseline -0.03 0"><span class='ocrx_word' id='word_1_316' title='bbox 953 2617 1019 2642; x_wconf 79' lang='lat' dir='ltr'>tur.</span> 
     </span>
    </p>

    <p class='ocr_par' dir='ltr' id='par_1_12' title="bbox 949 2658 1651 2844">
     <span class='ocr_line' id='line_1_47' title="bbox 993 2658 1651 2700; baseline 0 -9"><span class='ocrx_word' id='word_1_317' title='bbox 993 2668 1009 2688; x_wconf 83' lang='lat' dir='ltr'>P</span> <span class='ocrx_word' id='word_1_318' title='bbox 1034 2661 1142 2700; x_wconf 81' lang='lat' dir='ltr'>Igitur</span> <span class='ocrx_word' id='word_1_319' title='bbox 1166 2660 1304 2691; x_wconf 76' lang='lat' dir='ltr'>Achilles</span> <span class='ocrx_word' id='word_1_320' title='bbox 1332 2658 1500 2690; x_wconf 66' lang='lat' dir='ltr'>victoribus</span> <span class='ocrx_word' id='word_1_321' title='bbox 1538 2659 1651 2699; x_wconf 75' lang='lat' dir='ltr'>[victo-</span> 
     </span>
     <span class='ocr_line' id='line_1_48' title="bbox 949 2709 1648 2752; baseline -0.004 -10"><span class='ocrx_word' id='word_1_322' title='bbox 949 2711 1032 2752; x_wconf 85' lang='lat' dir='ltr'>rum]</span> <span class='ocrx_word' id='word_1_323' title='bbox 1042 2710 1188 2752; x_wconf 78' lang='lat' dir='ltr'>proemia]</span> <span class='ocrx_word' id='word_1_324' title='bbox 1203 2710 1287 2740; x_wconf 77' lang='lat' dir='ltr'>Haec</span> <span class='ocrx_word' id='word_1_325' title='bbox 1302 2709 1413 2740; x_wconf 83' lang='lat' dir='ltr'>onmia</span> <span class='ocrx_word' id='word_1_326' title='bbox 1426 2719 1467 2739; x_wconf 83' lang='lat' dir='ltr'>ex</span> <span class='ocrx_word' id='word_1_327' title='bbox 1479 2709 1627 2740; x_wconf 87' lang='lat' dir='ltr'>Homero</span> <span class='ocrx_word' id='word_1_328' title='bbox 1639 2721 1648 2749; x_wconf 78' lang='lat'>3</span> 
     </span>
     <span class='ocr_line' id='line_1_49' title="bbox 950 2759 1651 2801; baseline -0.004 -9"><span class='ocrx_word' id='word_1_329' title='bbox 950 2762 1009 2792; x_wconf 88' lang='lat' dir='ltr'>sed</span> <span class='ocrx_word' id='word_1_330' title='bbox 1026 2761 1175 2792; x_wconf 74' lang='lat' dir='ltr'>studiose</span> <span class='ocrx_word' id='word_1_331' title='bbox 1190 2759 1342 2801; x_wconf 83' lang='lat' dir='ltr'>quaedam</span> <span class='ocrx_word' id='word_1_332' title='bbox 1359 2759 1503 2790; x_wconf 78' lang='lat' dir='ltr'>mutavit</span> <span class='ocrx_word' id='word_1_333' title='bbox 1518 2760 1651 2801; x_wconf 77' lang='lat' dir='ltr'>Dictys,</span> 
     </span>
     <span class='ocr_line' id='line_1_50' title="bbox 949 2810 1561 2844; baseline 0 0"><span class='ocrx_word' id='word_1_334' title='bbox 949 2817 987 2844; x_wconf 86' lang='lat' dir='ltr'>ut</span> <span class='ocrx_word' id='word_1_335' title='bbox 1002 2811 1097 2844; x_wconf 86' lang='lat' dir='ltr'>uobis</span> <span class='ocrx_word' id='word_1_336' title='bbox 1112 2816 1289 2843; x_wconf 79' lang='lat' dir='ltr'>auctorem</span> <span class='ocrx_word' id='word_1_337' title='bbox 1308 2819 1403 2841; x_wconf 85' lang='lat' dir='ltr'>suum</span> <span class='ocrx_word' id='word_1_338' title='bbox 1421 2810 1561 2844; x_wconf 77' lang='lat' dir='ltr'>celaret.</span> 
     </span>
    </p>
   </div>
  </div>
 </body>
</html>
