1915 3231
689 305 847 335 SCENA
881 305 1076 336 TucicA.
1547 296 1603 337 73

159 402 274 452 fatis,
295 405 343 442 ut
363 402 437 455 qui
459 415 515 442 cx
533 415 587 444 ea
605 408 872 452 nasceretur,
894 408 1018 456 patre
1041 402 1178 456 major
1198 407 1313 444 essct
1333 403 1523 454 futurus,
1545 407 1601 447 ab

157 469 256 523 ejus
296 469 533 509 concubitu
575 469 802 510 abstinuit.
879 469 1110 510 Thetidem
1160 481 1264 510 vero
1314 471 1601 522 postmodum

158 535 335 585 Peleus,
357 535 487 576 AEaci
507 535 640 585 filius,
667 548 849 576 uxorem
884 535 1025 584 duxit,
1047 539 1088 575 et
1109 548 1168 575 ex
1195 548 1247 576 ea
1267 533 1485 576 Achillem
1508 550 1603 578 sus-

157 602 290 655 cepit.
350 600 579 642 Ovid.x1.
614 601 801 643 Metam.
828 601 928 643 265.
969 601 1185 651 Catullus,
1222 602 1265 642 in
1299 602 1432 642 modo
1466 604 1602 644 citato

156 668 421 721 Epithalam.

213 735 326 776 Cum
349 748 451 776 vero
481 735 659 776 oracula
690 740 916 785 canerent,
949 736 1087 777 filium
1109 736 1154 776 in
1185 735 1464 788 expeditione
1494 736 1604 777 Tro-

147 802 258 855 jana
297 815 518 851 casurum,
549 815 647 843 eum
685 802 895 852 occuluit,
915 803 960 843 in
989 803 1141 854 Scyro.
1172 802 1359 850 Statius,
1384 813 1415 843 1.
1437 801 1601 843 Achill.

153 868 252 909 245.
310 867 373 910 At
393 868 576 921 Ulyssis
598 868 701 908 dolo
723 868 895 909 detecto
927 881 1048 909 arma
1069 867 1204 913 dedit,
1226 880 1327 921 quae
1352 867 1600 918 Vulcanus,

153 935 248 988 ejus
270 940 415 976 motus
437 935 663 988 precibus,
683 935 993 984 fabricaverat,
1021 941 1066 975 et
1088 934 1272 975 artificio
1302 934 1439 975 multo
1470 947 1601 974 exor-

152 1006 342 1044 naverat.
404 1002 538 1043 Hom.
568 1001 623 1042 Il.
645 1018 680 1056 p.
711 1007 754 1042 et
785 1001 914 1044 Ovid.
939 1013 1054 1043 xlii.
1101 1001 1282 1043 Metam.
1318 1002 1434 1054 apud
1471 1015 1600 1054 quem

154 1067 358 1121 Ulysses,
379 1070 564 1123 Ajacem
586 1069 632 1109 in
654 1073 917 1110 contemtum
940 1069 1180 1118 adducens,
1201 1069 1301 1110 288.

323 1136 503 1177 Scilicet
523 1136 689 1177 idcirco
710 1149 789 1188 pro
810 1140 912 1176 nato
941 1137 1108 1176 caerula
1127 1140 1262 1176 mater

323 1203 575 1244 Ambitiosa
595 1215 674 1243 suo
694 1202 792 1252 suit,
813 1206 860 1242 ut
889 1202 1086 1243 coelestia
1108 1203 1221 1242 dona

322 1269 447 1310 Artis
468 1282 581 1322 opus
600 1273 735 1310 tantae
755 1269 876 1309 rudis
898 1272 943 1309 et
963 1269 1055 1309 sine
1076 1273 1252 1323 pectore
1273 1269 1401 1309 miles

326 1335 535 1376 Indueret
554 1336 572 1376 'l

154 1401 335 1451 Verum,
365 1401 539 1443 Achille
570 1401 818 1451 interfecto,
839 1402 933 1443 haec
956 1414 1076 1442 arma
1099 1401 1360 1444 Graecorum
1391 1417 1598 1458 proceres

152 1467 311 1521 Ulyssi
333 1469 659 1522 adjudicavere,
677 1468 821 1523 Ajace
836 1469 1037 1521 neglecto
1053 1482 1063 1520 ;
1081 1470 1172 1522 qui,
1188 1470 1440 1523 injuriarum
1457 1471 1599 1524 impa-

152 1534 281 1584 tiens,
297 1548 400 1576 ense
422 1536 536 1576 latus
567 1537 727 1577 hausit.
788 1536 924 1578 Ovid.
947 1547 1067 1576 Χιιι.
1099 1536 1285 1577 Metam.
1307 1537 1407 1578 390.
1467 1538 1599 1578 Post-

150 1614 204 1642 ea
234 1606 394 1653 tamen,
434 1616 592 1644 eversa
624 1603 779 1656 Troja,
802 1603 974 1644 Graecis
1005 1603 1050 1644 in
1084 1604 1240 1655 AEgaeo
1275 1604 1384 1644 mari
1420 1605 1599 1645 navium

151 1667 279 1709 clade
310 1670 491 1718 attritis,
514 1669 704 1710 Achillis
740 1671 943 1724 clypeum
980 1670 1025 1711 vi
1057 1669 1267 1710 fluctuum
1295 1670 1351 1710 ad
1375 1669 1531 1723 Ajacis
1554 1670 1599 1710 in

150 1733 342 1777 Rhetaeo
372 1736 586 1776 tumulum
620 1736 826 1786 delatum,
848 1741 1063 1778 testantur
1093 1736 1260 1786 Graeci,
1301 1737 1539 1790 Antholog.
1567 1748 1598 1777 1.

148 1800 218 1842 22.
239 1802 281 1842 1.
302 1802 421 1855 apud
434 1802 673 1853 Alciatum,
693 1803 750 1844 ad
773 1817 903 1844 suum
923 1804 998 1845 28.
1021 1804 1236 1846 Emblem.

205 1869 362 1910 Thetis
390 1870 503 1921 haec,
526 1883 646 1911 arma
666 1870 809 1911 serens
832 1869 1009 1921 Achilli,
1041 1875 1082 1912 et
1103 1871 1146 1911 in
1166 1871 1306 1911 incisa
1328 1869 1534 1918 Gemma,
1556 1874 1600 1911 et

148 1941 354 1990 argenteo
374 1938 551 1992 majoris
584 1937 751 1978 moduli
786 1942 1013 1991 spectatur
1045 1938 1088 1979 N
1094 1938 1355 1989 umismate3
1385 1938 1451 1978 uti
1473 1938 1601 1978 docet

148 2004 414 2054 Gronovius,
449 2005 506 2046 ad
544 2004 874 2058 Dactyliothec.
910 2016 962 2044 11.
998 2005 1098 2046 522.
1136 2004 1307 2045 Gemm.
1376 2002 1439 2044 At
1478 2003 1600 2044 vide-

148 2074 273 2111 antur
330 2071 385 2112 de
445 2071 742 2113 Numismatis
793 2071 881 2113 fide
922 2071 1173 2121 FabrettuS,
1214 2070 1333 2124 apud
1368 2071 1597 2123 Begerum,

147 2137 346 2179 Troicor.
366 2138 439 2179 32.

687 2276 753 2318 X.
814 2277 1061 2320 FOEDUS.

667 2366 772 2407 Lm.
806 2376 837 2406 1.
868 2366 987 2407 CAP.
1018 2367 1086 2407 15.

185 2459 197 2475 ‘
212 2455 403 2496 Porcum
422 2467 587 2496 marem
608 2456 654 2496 in
675 2455 816 2496 forum
839 2455 1028 2496 medium
1051 2454 1192 2495 afferri
1205 2454 1347 2508 jubet,
1365 2465 1494 2507 quem
1514 2453 1558 2493 in

229 2522 341 2563 duas
362 2528 510 2576 partes
531 2526 775 2573 exsectum,
797 2522 962 2563 Orienti
984 2521 1304 2574 Occidentique
1325 2518 1512 2560 dividit?

202 2609 385 2650 FOEDUS
424 2610 585 2663 priscis
616 2611 677 2650 ita
707 2610 891 2661 dictum,
924 2609 1043 2663 quod
1083 2610 1128 2650 in
1164 2622 1217 2650 eo
1245 2621 1398 2662 porca,
1429 2607 1595 2649 foedum

147 2676 322 2717 scilicet
349 2676 530 2726 animal,
551 2682 835 2718 mactaretur.

202 2741 340 2795 Apud
372 2742 618 2793 Romanos,
638 2744 867 2797 utriusque
889 2742 1029 2795 gentis
1050 2747 1175 2795 pater
1194 2746 1393 2795 patratus
1415 2739 1594 2792 arripie-

144 2808 223 2848 bat
257 2821 449 2861 porcam,
480 2814 526 2850 et
558 2810 645 2850 diis
673 2809 894 2863 pangendi
927 2808 1107 2850 foederis
1141 2808 1327 2849 testibus
1356 2805 1594 2855 invocatis,
