1915 3231
712 307 870 337 scerA
905 307 1104 337 Tnch.
1573 299 1631 339 75

181 406 362 447 mittitur
384 404 584 458 Ulysses.
645 404 878 456 Iphigenia
912 416 939 443 a
972 407 1105 444 matre
1143 402 1387 443 abducitur.
1448 402 1627 456 Nuptiae

180 473 449 513 simulantur.
507 472 643 512 Sacra
665 474 887 524 parantur.
948 470 1048 510 Dea
1067 474 1211 510 tamen
1233 469 1416 510 miserta
1430 470 1628 522 virginis,

176 538 368 579 hostiam
399 538 653 591 supposuit,
675 537 865 590 puellam
897 537 941 576 in
971 535 1188 588 regionem
1222 536 1442 576 transtulit
1469 535 1629 576 Tauri-

177 617 292 654 cam,
312 605 388 645 ubi
407 605 548 644 sacris
569 604 726 644 DIanae
749 602 958 656 praefecta
988 606 1068 642 est.
1127 602 1233 643 Huc
1254 615 1360 643 vero
1382 615 1481 643 cum
1502 608 1628 655 post-

176 671 354 711 modum
375 670 568 720 Orestes,
588 670 798 710 maternis
829 670 1021 721 agitatus
1051 668 1177 709 furiis
1208 669 1418 718 venisset,
1442 669 1626 723 jamque

175 750 296 778 more
315 737 457 790 gentis
490 736 711 790 Scythicae
745 736 1045 776 immolandus
1076 739 1211 785 esset,
1232 748 1259 776 a
1289 749 1436 777 sorore
1465 741 1533 777 est
1552 749 1627 789 ag-

174 803 292 844 nitus
324 808 368 844 et
387 803 614 844 liberatus.
676 802 803 851 Mox,
834 802 982 842 ablato
1018 801 1179 842 Dianae
1214 801 1466 851 simulacro,
1498 802 1625 842 aufu-

174 882 288 923 gere,
319 875 364 911 et
394 882 496 911 cum
532 871 576 910 in
608 868 782 910 Italiam
816 868 1050 909 errabundi
1086 868 1325 917 venissent,
1356 869 1400 908 in
1439 867 1625 911 Aricino

173 949 350 977 nemore
384 936 429 976 id
463 936 751 977 collocavere.
811 935 1065 987 Euripides,
1096 935 1141 975 in
1171 934 1367 988 Iphigen.
1401 935 1552 977 Aulid.
1584 941 1627 978 et

172 1003 351 1043 Tauric.
374 1003 506 1043 Ovid.
530 1013 624 1044 X11.
649 1003 834 1043 Metam.
855 1003 927 1043 30.
951 1001 1128 1043 Lucret.
1155 1013 1182 1041 ι.
1217 1001 1380 1055 Hygin.
1400 1001 1470 1043 98.
1493 1002 1603 1043 Fab.

230 1069 462 1123 Iphigenia
509 1075 654 1110 tamen
693 1082 777 1109 non
827 1069 1053 1118 translata,
1085 1067 1164 1109 sed
1204 1081 1306 1109 vere
1345 1072 1539 1110 mactata
1578 1074 1624 1110 et

166 1135 369 1189 jugulata
418 1136 595 1186 dicitur,
643 1134 833 1188 Virgilio
868 1145 917 1174 ιι.
961 1134 1064 1174 AEn.
1095 1134 1194 1175 116.
1233 1133 1440 1187 Propert.
1477 1145 1548 1175 111.
1579 1137 1621 1176 7.

174 1207 218 1243 et
240 1213 305 1242 iv.
326 1203 367 1243 1.

234 1267 422 1310 Victima
445 1273 609 1317 autem,
631 1267 873 1321 Iphigeniae
891 1266 1143 1320 supposita,
1165 1267 1248 1308 suit
1279 1280 1426 1308 cerva.
1486 1267 1619 1308 Ovid.

171 1336 250 1376 lib.
268 1336 340 1376 cit.
361 1336 430 1375 34.
451 1339 495 1375 et
526 1346 589 1374 ιν.
611 1334 750 1374 Trist.
772 1336 812 1374 4.
831 1335 905 1374 67.
938 1333 1130 1374 Martial.
1153 1345 1224 1374 111.
1245 1335 1315 1376 49.
1345 1339 1390 1374 et
1409 1334 1620 1375 Juvenal.

173 1413 268 1443 Χιι.
289 1402 385 1442 120.
415 1401 485 1441 vel
499 1400 722 1453 juvencus
744 1401 839 1440 sive
861 1403 1037 1451 taurus3
1067 1400 1187 1452 quod
1209 1401 1250 1441 N
1257 1400 1458 1451 icandro3
1491 1401 1620 1442 velet

170 1482 289 1518 ursa,
312 1468 429 1521 quod
453 1468 625 1521 placuit
648 1465 964 1507 Phoenodemo.

231 1535 462 1575 Numisma
484 1534 566 1574 hoc
587 1533 646 1588 (si
668 1533 800 1574 modo
823 1545 907 1572 non
928 1530 1097 1585 fictum)
1117 1533 1247 1572 sicuti
1265 1532 1387 1574 dedit
1414 1533 1617 1587 Cuperus

168 1602 316 1655 (cujus
337 1601 511 1653 scriptis
543 1600 650 1640 nihil
687 1600 906 1648 exactius,
929 1598 1258 1653 eruditiusque)
1288 1599 1472 1642 observ.
1494 1612 1525 1640 1.
1547 1602 1617 1641 12.

169 1670 228 1709 ita
247 1667 514 1715 Gronovius,
535 1666 668 1706 Thes.
688 1666 754 1707 lit.
778 1666 823 1706 S.
840 1667 881 1705 4.

471 1811 590 1852 ΧΠ.
649 1809 903 1852 APOLLO
934 1810 1314 1853 SMINTHIUS.

683 1900 786 1941 Lus.
810 1911 863 1941 ιι.
895 1900 1012 1941 CAP.
1034 1901 1100 1941 14.

168 1989 365 2031 ‘Eadem
406 1994 672 2043 tempestate
713 1991 943 2031 oraculum
981 1990 1132 2044 Pythii
1175 1991 1347 2032 Graecis
1389 1990 1616 2044 perfertur,

221 2055 547 2097 concedendum
571 2058 628 2097 ab
662 2057 883 2106 omnibus,
903 2057 968 2098 uti
1000 2070 1079 2110 per
1102 2057 1389 2098 Palamedem
1412 2056 1613 2111 Apollini

224 2122 441 2176 Sminthio
462 2123 728 2165 sacrificium
748 2123 1054 2164 exhiberetur.’

222 2210 540 2253 Cocuomms
573 2212 703 2266 hujus
736 2212 946 2265 originem
979 2212 1225 2253 luculenter
1260 2211 1384 2252 dedit
1410 2210 1466 2252 ad
1489 2210 1613 2251 Hub.

165 2276 332 2318 Goltzii
352 2277 501 2318 Graec.
523 2277 605 2318 ins.
627 2279 695 2319 14.
731 2279 845 2320 Tab.
879 2278 1050 2320 Ludov.
1084 2278 1285 2319 Nonnius
1303 2292 1314 2329 ;
1344 2292 1400 2319 ex
1421 2290 1511 2331 quo
1533 2290 1613 2318 no-

163 2346 254 2384 tata
284 2343 339 2384 ad
370 2344 486 2385 hunc
516 2344 814 2386 Tenediorum
848 2345 1089 2386 Nummum
1120 2344 1392 2386 solummodo
1414 2348 1611 2397 repetere

163 2411 386 2451 constitui.

220 2476 388 2532 Apollo
427 2478 559 2530 igitur
599 2478 843 2520 Sminthius
885 2479 981 2519 sive
1022 2477 1293 2525 Smintheus,
1334 2489 1361 2517 a
1399 2478 1611 2527 muribus,

163 2557 278 2598 quos
301 2542 478 2597 Σμίνθους
499 2545 784 2598 appellabant
806 2546 959 2586 AEoles
979 2549 1022 2585 et
1035 2543 1232 2597 Trojani.
1263 2542 1432 2583 Verum
1453 2544 1612 2596 appel-

161 2612 339 2653 lationis
375 2623 559 2652 causam
598 2611 682 2652 hoc
732 2611 866 2652 modo
907 2610 1133 2651 memoriae
1171 2609 1353 2651 tradidit
1390 2610 1612 2661 AElianus,

163 2678 283 2719 Hist.
306 2676 454 2718 Anim.
478 2679 636 2718 X11.-5.

219 2743 333 2784 Cum
364 2743 549 2784 murium
590 2757 749 2796 magna
779 2745 847 2785 vis
888 2743 1167 2785 AEolensium
1215 2755 1268 2783 ac
1318 2742 1612 2796 Trojanorum

164 2810 477 2863 popularentur
516 2823 635 2860 arva,
677 2812 1020 2865 immaturasque
1071 2814 1242 2863 segetes
1295 2814 1611 2858 consumerent,
