1915 3231
343 282 397 324 18
927 295 1197 325 PRAErA'rio.

339 399 467 440 quam
492 386 672 440 praedae,
694 387 773 428 sod
807 387 943 429 libros
964 401 1025 429 ex
1046 389 1247 442 philyrap
1277 390 1322 431 in
1354 391 1496 431 lucem
1519 389 1791 444 producturi.

338 455 400 496 At
427 456 506 495 ubi
536 468 640 508 spes
670 455 879 496 frustrata
909 461 995 506 est,
1027 455 1083 497 ad
1116 456 1326 497 Praxim‘*
1348 456 1571 498 dominum
1600 457 1690 499 loci
1710 471 1790 500 eos

339 523 552 563 deferunt.
622 521 712 572 Qui
751 527 1042 564 commutatos
1082 523 1224 564 literis
1272 522 1471 574 Atticis:
1508 537 1612 566 nam
1651 526 1791 566 oratio

343 590 506 632 Graeca
544 590 698 639 fuerat,
738 588 909 630 Neroni
943 589 1150 630 Romano
1188 589 1358 632 Caesari
1389 591 1563 642 obtulit,
1597 604 1678 645 pro
1703 605 1793 646 quo

341 658 541 711 plurimis
573 658 629 698 ab
660 670 713 698 eo
736 656 923 698 donatus
950 660 1029 698 est.

337 725 476 766 libelli
511 724 749 773 venissent,
771 724 916 765 avidis
939 737 1055 766 verae
1078 724 1314 775 Historiae,
1334 725 1498 779 cupido
1516 725 1717 776 incessit,
1739 738 1795 768 ea

337 793 406 833 uti
440 796 577 841 erant,
617 791 773 832 Latine
813 790 1063 832 disserere:
1109 804 1196 832 non
1228 793 1371 844 magis
1404 791 1565 833 confisi
1601 793 1793 846 ingenio,

338 872 471 913 quam
491 863 541 900 ut
559 858 691 900 otiosi
713 857 846 898 animi
868 857 1082 899 desidiam
1105 858 1441 900 discuteremus.
1500 858 1662 913 Itaque
1675 861 1794 914 prio-

338 939 434 967 rum
469 926 664 980 quinque
693 924 977 975 voluminum,
1015 938 1116 978 quae
1156 925 1276 966 bello
1317 930 1548 967 contracta
1574 931 1792 983 gestaque

340 997 457 1042 sunt,
478 991 659 1032 eundem
689 1004 916 1032 numerum
947 992 1230 1033 servavimus.
1290 991 1491 1034 Residua
1526 993 1707 1046 quidem
1737 994 1793 1035 de

340 1060 484 1100 reditu
512 1058 796 1099 Graecorum³
827 1058 873 1098 in
905 1071 1041 1100 unum
1073 1058 1334 1112 redegimus,
1373 1063 1505 1112 atque
1532 1059 1588 1102 ad
1610 1065 1652 1103 te
1674 1061 1794 1103 misi-

337 1139 450 1169 mus.
508 1124 595 1175 Tu‚
619 1124 779 1166 Rufine
801 1124 888 1175 mi,t
918 1129 964 1167 ut
994 1138 1075 1179 par
1100 1131 1181 1176 est,
1202 1125 1302 1167 fave
1322 1127 1503 1180 coeptis.

1090 656 1237 699 Nobis
1273 670 1375 699 cum
1412 657 1459 698 in
1488 670 1646 700 manus
1678 658 1792 699 forte
1850 698 1854 702 .

379 1272 396 1294 Ρ
419 1266 483 1298 Sed
504 1265 599 1298 libros
620 1275 660 1298 ex
672 1264 814 1306 philyra]
835 1264 926 1296 Vide
942 1268 1040 1296 notas

337 1318 380 1350 ad
396 1318 634 1359 praefationem
662 1327 718 1348 sex
733 1317 889 1348 volumina
900 1317 934 1348 in
954 1318 1040 1349 tilius

336 1369 478 1410 digessit.
523 1369 567 1399 Et
579 1368 707 1409 optime
724 1368 772 1399 ait
787 1368 890 1399 libros
907 1377 948 1399 ex
966 1367 1039 1408 phi-

336 1421 425 1460 lyra,
443 1419 521 1460 quia
535 1419 612 1449 liber
628 1418 765 1458 proprie
782 1423 835 1450 est
859 1423 978 1450 cortex
991 1419 1041 1449 in-

336 1468 509 1509 terim-qui
525 1468 557 1498 in
573 1467 720 1508 philyras
734 1477 795 1498 acu
808 1467 1044 1507 distinguitur.

338 1519 502 1550 Isidorus.
530 1519 539 1536 ‘
557 1517 660 1549 Liber
684 1523 736 1549 est
760 1517 903 1549 interior
927 1518 1043 1549 tunica

340 1569 491 1608 corticis,
516 1579 590 1609 quae
617 1569 707 1609 ligno
731 1569 896 1607 cohaeret‚
920 1568 952 1599 in
976 1576 1043 1609 qua

341 1620 471 1661 antiqui
502 1617 720 1650 scribebant-⁹

341 1670 462 1701 Graece
478 1668 590 1704 βίβλος
609 1668 748 1699 dicitur.

383 1724 398 1746 q
422 1719 473 1750 Ad
505 1717 654 1759 Praaeim]
685 1718 753 1749 Hic
778 1718 915 1749 Praoez'm
943 1722 1044 1750 vocat

341 1779 442 1810 quem
473 1778 592 1800 auctor
631 1768 841 1809 praefationis
879 1769 1042 1810 Eupraxi-

341 1821 421 1851 dem.

383 1874 396 1889 ἲ
422 1868 485 1905 Qui
498 1870 696 1899 commutatos
710 1867 812 1899 literis
827 1867 961 1908 Atticis]
983 1867 1044 1900 Ait

343 1918 574 1960 Eupraxidem
591 1918 706 1948 literas
737 1918 882 1949 Punicas
901 1917 1043 1949 volumi-

341 1979 420 2001 num
442 1969 575 2000 illorum
598 1967 631 1999 in
651 1967 786 2000 Atticas
802 1973 1044 2008 commutasse,

777 1619 879 1660 Isque
905 1619 1041 1659 proprie

1093 1275 1159 1307 quo
1173 1265 1268 1297 facto
1284 1266 1428 1298 Graecus
1443 1270 1556 1299 textus
1567 1270 1602 1298 et
1613 1275 1726 1299 sermo
1738 1276 1796 1308 ap-

1095 1316 1221 1357 paruit.
1264 1316 1375 1357 Supra
1398 1322 1512 1348 tamen
1536 1322 1656 1349 auctor
1677 1317 1798 1358 praefa-

1096 1366 1198 1397 tionis
1214 1366 1334 1397 scribit
1357 1365 1530 1398 Neronem
1542 1366 1684 1408 jussisse
1702 1371 1738 1397 ut
1755 1376 1796 1397 ca

1094 1416 1129 1447 in
1146 1416 1308 1447 Graecum
1334 1426 1525 1449 sermonem
1541 1415 1797 1449 transferretur.

1098 1465 1222 1497 Locum
1240 1464 1307 1497 adi.

1135 1519 1146 1535 ⁸
1170 1515 1310 1546 Residua
1333 1515 1455 1556 quidem
1480 1516 1519 1546 de
1540 1515 1646 1547 reditu
1670 1515 1796 1546 Groeco·

1091 1565 1179 1605 rum]
1209 1566 1270 1597 Ait
1296 1576 1332 1597 se
1359 1566 1506 1598 reditum
1538 1566 1737 1598 Graecorum
1762 1567 1795 1597 in

1094 1625 1197 1646 unum
1222 1615 1347 1647 librum
1364 1616 1590 1655 contraxisse,
1607 1615 1689 1657 quia
1704 1615 1797 1656 apud

1093 1665 1230 1697 Suidam
1252 1666 1383 1706 legerat
1406 1666 1546 1706 Dictym
1563 1665 1740 1705 scripsisse
1758 1665 1798 1696 li-

1095 1715 1174 1746 bros
1191 1724 1321 1746 novem.
1365 1715 1432 1746 Sed
1446 1715 1472 1746 is
1489 1714 1554 1746 fuit
1565 1715 1686 1755 Dictys
1699 1715 1798 1746 Grae-

1095 1774 1166 1804 cus,
1183 1765 1269 1795 alius
1285 1774 1304 1795 a
1320 1770 1451 1803 nostro,
1464 1770 1498 1795 et
1515 1769 1664 1795 nostrum
1679 1773 1740 1795 sex
1760 1764 1801 1795 li-

1097 1815 1166 1846 bris
1183 1815 1374 1846 absolutum
1390 1815 1465 1856 ipsa
1481 1813 1645 1846 Praefatio
1669 1815 1800 1846 retulit.

1099 1867 1236 1898 Mercer.

1139 1918 1149 1937 ῑ
1175 1916 1235 1956 Tu,
1260 1915 1372 1958 Rufine
1397 1915 1456 1956 mi]
1481 1915 1614 1956 Nempe
1631 1914 1797 1948 Arcadius

1097 1967 1293 2009 vocabatur,
1307 1968 1348 2004 Q.
1362 1967 1519 1999 Arcadius
1532 1967 1676 2009 Rufinus.
