1915 3231
254 219 338 260 232
722 232 930 264 mcrros
963 233 1236 265 cnnrnnsrs

256 324 518 377 Deiphobus
549 324 742 379 spatium
772 327 1023 368 certaminis
1057 327 1307 369 diffiniunt.⁸
1366 327 1502 381 Igitur
1535 329 1701 383 primus

254 389 513 433 Alexander
541 392 767 434 incassum
799 394 1002 446 sagittam
1020 395 1264 436 contendit.
1324 394 1435 436 Dein
1455 395 1704 438 Philocteta

254 456 482 499 insecutus
504 459 722 501 sinistram
743 467 946 502 manum⁵
975 461 1092 503 hosti
1112 461 1338 513 transfigit,
1351 462 1607 504 reclamanti
1627 475 1704 516 per

255 524 454 567 dolorem
474 526 676 568 dextrum
699 528 873 569 oculum
895 529 1105 582 perforat,
1136 541 1189 570 ac
1204 529 1298 583 jam
1318 528 1554 581 fugientem
1573 529 1704 570 tertio

255 597 520 634 consecutus
543 593 722 635 vulnere
742 608 818 648 per
838 600 1069 649 utrumque
1089 596 1246 650 pedem
1263 596 1437 651 trajicit,
1455 595 1705 650 fatigatum-

255 671 341 712 que
355 664 372 690 9
399 663 664 712 postremum
684 660 914 703 interficit:
936 663 1104 716 quippe
1127 662 1337 704 Herculis
1360 667 1553 704 armatus
1572 662 1707 716 sagit-

254 725 331 774 tis,
364 739 465 779 quae.
493 727 670 769 infectae
705 727 874 781 Hydrae
903 730 1145 782 sanguine,t
1172 729 1288 770 haud
1321 730 1417 771 sine
1446 729 1585 771 exitio
1606 742 1705 770 cor-

254 793 352 845 pori
387 792 640 845 figebantur.
712 794 820 847 [20]
859 793 992 845 Quod
1025 796 1103 837 ubi
1133 796 1482 837 animadvertere
1514 795 1705 845 barbari,

255 871 409 911 magna
431 861 476 900 vi
497 861 685 911 irruunt,
720 862 886 914 eripere
917 861 1219 904 Alexandrum
1252 863 1508 916 cupientes:
1538 862 1705 904 multis-

256 938 342 978 que
363 940 541 968 suorum
561 928 805 969 interfectis
828 941 854 969 a
885 928 1149 979 Philocteta,
1179 930 1400 982 negotium
1431 934 1577 970 tamen
1609 942 1707 982 per-

257 997 404 1044 agunt,
426 999 556 1047 atque
577 994 621 1034 in
641 994 867 1036 civitatem
885 999 1108 1048 reportant
1125 1009 1135 1036 :
1163 1000 1342 1050 tumque
1358 995 1481 1050 Ajax
1500 995 1707 1038 Telamo-

255 1060 355 1100 nius
372 1060 598 1101 insecutus
610 1061 836 1114 fugientes,
853 1060 1053 1114 adusque
1070 1067 1241 1114 portam
1259 1062 1457 1116 peregit.¹
1501 1061 1572 1103 lbi
1588 1075 1709 1104 caesa

255 1126 324 1167 vis
354 1127 491 1168 multa
525 1127 732 1177 hostium,
769 1140 868 1168 curn
900 1126 1206 1169 festinantibus
1237 1129 1346 1169 inter
1366 1141 1431 1178 se,
1461 1131 1504 1170 et
1523 1128 1708 1182 singulis

255 1193 439 1234 evadere
458 1194 571 1235 inter
591 1194 757 1248 primos
775 1194 1072 1247 cupientibus,
1088 1195 1231 1248 magis
1251 1195 1298 1236 in
1317 1195 1418 1249 ipso
1439 1195 1575 1245 aditu,
1595 1195 1708 1236 mul-

257 1260 443 1301 titudine
463 1274 545 1302 sua
563 1260 871 1302 detinerentur.
931 1261 1112 1303 Interim
1133 1263 1259 1303 multi
1291 1275 1441 1304 eorum
1475 1262 1552 1316 qui
1580 1262 1710 1316 primi

258 1333 504 1379 evaserant,
525 1342 655 1383 super
669 1342 818 1370 muros
839 1329 931 1379 siti,
953 1329 1144 1370 collecta
1163 1329 1360 1383 undique
1376 1328 1710 1383 cujuscemodi²

259 1407 376 1436 saxa
400 1408 533 1449 super
565 1396 769 1449 clypeum
792 1395 946 1449 Ajacis
969 1395 1170 1450 dejicere,
1194 1401 1534 1450 congestamque
1554 1408 1710 1450 quam-

257 1462 511 1515 plurimam³
536 1471 695 1504 terram
718 1462 908 1515 desuper
927 1461 1118 1512 volvere,
1140 1462 1308 1503 scilicet
1327 1462 1381 1503 ad
1403 1462 1710 1515 depellendum

258 1529 441 1580 hostem,
464 1543 562 1571 cum
584 1542 719 1583 supra
739 1528 916 1570 modum
939 1532 1208 1582 gravaretur:
1240 1533 1370 1582 quae4
1397 1529 1595 1582 egregius
1615 1528 1710 1570 dux

868 1645 1105 1660 eeeeeeeeeeee

257 1725 383 1762 partem
413 1723 593 1761 maximam,
619 1732 720 1763 quam
750 1724 932 1755 lectionem
969 1724 1110 1755 exhibet
1140 1721 1328 1763 Delph.—8
1350 1721 1476 1761 Delph.
1502 1722 1713 1764 definiunt.—

261 1767 282 1795 9
306 1764 396 1796 Ante
420 1769 607 1804 postremum
633 1767 753 1797 inserit
770 1767 898 1806 Delph.
915 1767 1029 1798 ad.—l
1056 1766 1184 1805 Delph.
1210 1765 1392 1804 pergin—2
1417 1765 1715 1806 Delph.cujusque-

261 1807 421 1838 modi.—3
440 1808 562 1849 Delph.
576 1809 820 1848 plurimum—4
838 1809 1022 1841 Omittitur
1036 1818 1103 1848 quoe
1120 1809 1153 1839 in
1170 1807 1359 1848 Delph.-5
1376 1806 1460 1838 Post
1475 1816 1576 1838 voces
1587 1811 1712 1848 partem

915 1916 1056 1950 NOTAE

306 1985 317 2000 ⁸
331 1978 502 2011 Sinistrum
515 1978 653 2020 manum]
677 1980 734 2012 Ita
745 1981 901 2017 Tzetzes,
917 1981 960 2013 ad

263 2031 425 2063 verbnm:
449 2030 642 2069 Φιλοκτήτης
665 2032 855 2063 ἀντιστάντα
880 2033 961 2064 αὺτῶ

262 2082 319 2112 τὸν
339 2081 539 2122 Ἀλέξανδρον
560 2081 635 2121 πρὸς
657 2082 776 2121 τοξείαν
803 2082 962 2123 τοξεύσας,

263 2133 384 2171 πρῶτον
399 2130 454 2168 μὲν
469 2130 550 2161 κατὰ
571 2130 631 2167 τὴν
650 2131 742 2162 λαιὰν
767 2133 868 2171 χεῖρα,
895 2131 962 2164 εἶτα

264 2181 320 2212 τὸν
341 2181 437 2219 δεξιὸν
453 2180 548 2211 αὐτοῦ
565 2180 708 2216 ἐκβαλὼν
723 2180 895 2221 ὀφθαλμὸν,
910 2181 960 2212 καὶ

264 2232 369 2272 τρίτον
383 2229 456 2263 τοὺς
471 2229 565 2261 πόδας
579 2231 686 2265 βαλὼν
697 2230 832 2262 ἀνεῖλεν.
857 2233 869 2247 ‘
881 2231 961 2262 Phi·

264 2283 392 2313 locteta
421 2285 539 2312 contra
568 2290 605 2312 se
634 2286 782 2312 stantem
813 2280 962 2312 Alexan-

265 2332 363 2362 drum
384 2330 569 2371 jaculatus,
592 2330 735 2370 primurn
759 2329 808 2360 illi
830 2339 963 2362 manum

267 2382 434 2412 sinistram
457 2378 638 2420 transfigit,
664 2379 789 2411 deinde
805 2379 963 2412 dextrum

268 2431 400 2462 oculum
432 2429 563 2470 dejicit,
589 2433 624 2460 et
651 2429 755 2460 tertio
785 2434 965 2471 utrumque

268 2479 389 2520 pedem
409 2478 558 2519 trajecit,
581 2483 683 2519 atque
699 2478 747 2509 ita
770 2488 845 2510 eum
860 2479 965 2510 inter-

267 2528 372 2560 fecit.¹
429 2528 526 2559 Idem
555 2529 659 2558 etiam
690 2527 875 2559 Cedrenus.
921 2529 965 2560 Et

269 2588 348 2610 sane
377 2588 396 2609 a
422 2578 559 2618 sagittis
586 2577 790 2609 Philoctetae
817 2579 965 2609 occisum

270 2627 502 2660 Alexandrum
518 2627 591 2658 fere
608 2636 723 2658 omnes
739 2628 967 2659 consentiunt.

270 2680 328 2710 Ita
353 2678 530 2719 Lycophro
549 2678 583 2708 in
600 2687 660 2708 sua
677 2677 880 2718 Cassandra,
906 2678 966 2710 So-

270 2729 408 2769 phocles
433 2727 466 2758 in
493 2727 700 2769 Philocteta,
725 2726 884 2768 Aponod.
910 2736 968 2760 ιιι.

271 2779 403 2819 Conon,
436 2777 654 2810 Parthenius.
711 2778 823 2810 Dares
854 2782 967 2811 tamen

1014 1981 1183 2022 Phrygius
1209 1979 1252 2011 ab
1276 1979 1383 2020 Ajace
1410 1979 1633 2012 interfectum
1663 1980 1711 2012 di·

1015 2032 1075 2069 cit,
1087 2036 1123 2062 et
1137 2029 1344 2061 Ptolemaeus
1357 2029 1594 2071 Hephaestion,
1605 2040 1625 2062 a
1637 2031 1712 2062 Me-

1015 2083 1126 2114 nelao.

1057 2135 1067 2153 ¹
1085 2133 1163 2168 Qua>
1176 2131 1301 2170 infectae
1311 2131 1434 2172 Hydroe
1443 2131 1609 2172 sanguine]
1625 2131 1716 2164 Her-

1013 2181 1104 2213 cules
1116 2181 1273 2220 Hydram
1289 2181 1481 2219 Lernaeam,
1491 2181 1667 2221 Typhonis
1677 2180 1716 2212 fi-

1014 2230 1189 2270 liam,cum
1203 2230 1374 2270 capitibus
1388 2239 1520 2268 novem,
1533 2231 1574 2261 ad
1586 2230 1716 2263 fontem

1016 2280 1192 2311 Lernaeum
1223 2278 1412 2310 interfecit.
1467 2280 1556 2311 Haec
1584 2286 1715 2314 tantam

1017 2330 1083 2360 vim
1101 2330 1222 2360 veneni
1241 2329 1373 2367 habuit,
1384 2334 1422 2360 ut
1434 2328 1551 2361 afflatu
1566 2331 1716 2363 homines

1018 2383 1171 2418 necaret,
1197 2383 1233 2410 et
1258 2379 1285 2409 si
1311 2378 1385 2419 quis
1401 2387 1475 2410 eam
1491 2378 1715 2412 dormientem

1020 2429 1205 2460 transierat
1231 2427 1377 2468 vestigia
1402 2428 1477 2468 ejus
1503 2427 1653 2469 afflabat,
1679 2435 1717 2462 et

1019 2481 1182 2512 malorum
1195 2479 1349 2511 cruciatu
1361 2478 1579 2510 moriebatur.
1602 2480 1716 2520 Hanc,

1019 2530 1177 2561 Minerva
1209 2532 1432 2567 monstrante,
1466 2527 1644 2560 interfecit
1681 2536 1719 2562 et

1020 2579 1245 2614 exenteravit,
1267 2588 1376 2619 exque
1390 2578 1460 2618 ejus
1474 2577 1556 2610 felle
1572 2580 1715 2620 sagittas

1020 2629 1133 2660 tinxit.
1179 2628 1301 2669 Itaque
1328 2627 1487 2668 quicquid
1516 2634 1635 2668 postea
1664 2640 1715 2662 sa-

1020 2678 1114 2720 gittis
1131 2677 1265 2717 fixerat,
1278 2682 1420 2708 mortem
1436 2686 1502 2708 non
1519 2676 1718 2720 effugiebat,

1019 2727 1108 2759 unde
1124 2731 1244 2767 postea
1265 2730 1302 2758 et
1326 2726 1399 2767 ipse
1424 2726 1539 2766 periit.
1585 2727 1718 2770 Hygia.

1019 2777 1103 2810 Fab.
1119 2778 1170 2808 30.
1208 2776 1332 2808 Earum
1350 2775 1459 2808 haeres
1476 2775 1683 2812 Philocteta.
