1915 3231
309 255 396 298 212
457 265 669 298 nrc'rros
692 265 965 298 CRETENsls
990 267 1051 296 nn
1079 267 1233 298 annno
1255 267 1482 299 TROJANO
1505 268 1602 300 ΜΒ.
1629 269 1699 300 ιιι.

313 360 460 402 aliove
473 361 795 415 consanguineo
809 364 1014 415 cerneret,
1030 374 1116 403 non
1130 364 1362 416 acceptam
1379 366 1542 413 tamen,
1556 363 1655 406 solo
1668 376 1762 406 om-

312 427 435 469 nium
454 427 716 470 adversante
737 427 990 470 Antenore:
1021 429 1099 483 qui
1133 429 1262 471 initio
1294 432 1398 483 post
1418 428 1664 472 Alexandri
1693 444 1763 473 re-

313 494 469 546 ditum,
499 495 639 538 filium
671 509 800 537 suum
831 495 1081 546 Glaucum,¹
1116 496 1234 551 quod
1259 496 1357 551 ejus
1395 496 1656 539 comitatum
1693 510 1762 539 se·

315 566 441 603 cutus
478 568 588 614 erat,
619 563 916 605 abdicandum
948 576 977 604 a
1009 564 1245 617 penatibus
1271 564 1366 605 suis
1399 563 1663 614 decreverit,
1691 566 1762 607 vir

314 629 435 671 domi
453 630 672 684 bellique⁷
701 630 1071 684 prudentissimus
1092 644 1101 669 ε
1132 634 1322 672 ceterum
1342 631 1444 680 sibi,
1466 630 1677 684 quoniam
1700 631 1763 673 ita

313 709 385 736 res
423 701 608 747 ruerent,
648 697 974 751 optatissimum
1012 697 1369 752 appropinquare
1405 700 1574 739 naturae
1613 697 1761 749 finem,

316 763 494 805 omissis
507 763 602 818 jam
622 764 742 817 regni
761 764 1069 817 gubernaculis
1091 769 1225 818 atque
1245 778 1376 806 cura:
1406 767 1576 806 tantum
1597 777 1695 807 sese
1715 766 1762 807 in

316 828 520 871 Hecubae
540 830 816 884 filiarumque
837 832 1143 873 recordatione
1163 832 1364 882 cruciari,
1384 845 1496 886 quas
1516 836 1622 886 post
1641 833 1763 874 exci-

316 895 434 936 dium
455 897 610 950 patriae
631 898 847 951 captivas,
868 898 1082 940 incertum
1102 899 1233 953 cujus
1261 899 1429 940 domini
1459 899 1603 940 fastus
1617 903 1631 921 ⁵
1667 911 1763 941 ma-

314 968 472 1005 nerent.
531 960 635 1013 [27]
667 963 780 1005 Dein
799 965 945 1006 omnia
965 979 1064 1019 quae
1097 965 1155 1007 ad
1187 965 1486 1007 redimendum
1516 966 1652 1007 filium
1683 966 1764 1008 ad-

315 1032 445 1070 vecta
464 1029 619 1080 erant,8
638 1032 738 1071 ante
758 1034 1048 1083 conspectum
1063 1031 1246 1085 juvenis
1267 1031 1434 1085 exponi
1455 1031 1667 1085 imperat:
1703 1044 1763 1073 ex

316 1096 432 1149 quis,
453 1095 663 1150 quicquid
682 1097 775 1137 auri
796 1100 931 1150 atque
952 1098 1118 1151 argenti
1138 1098 1236 1149 fuit,
1257 1099 1353 1140 tolli
1379 1097 1578 1139 Achilles
1609 1098 1763 1151 jubet:

315 1161 454 1203 vestis
474 1162 622 1211 etiam,
642 1162 759 1215 quod
778 1163 820 1204 ei
840 1163 982 1205 visum
1000 1168 1079 1215 est,
1112 1164 1290 1218 reliquis
1321 1165 1367 1205 in
1398 1177 1534 1205 unum
1567 1163 1766 1206 collectis

318 1228 594 1283 Polyxenam
613 1229 764 1281 donat,
796 1234 840 1272 et
861 1230 1048 1273 cadaver
1069 1231 1213 1273 tradit.
1272 1231 1376 1283 Quo
1395 1236 1589 1286 recepto,
1623 1243 1702 1272 rex
1721 1232 1766 1273 in

316 1296 554 1349 gratiamne
580 1297 799 1350 impetrati
830 1297 1012 1348 funeris,
1043 1311 1098 1339 an
1130 1298 1170 1339 si
1203 1298 1309 1352 quid
1343 1297 1495 1352 Trojae
1530 1297 1766 1347 accideret,

318 1375 500 1404 securus
513 1363 610 1417 jam
624 1362 759 1414 filiae,t
776 1364 1010 1417 amplexus
1026 1362 1216 1405 Achillis
1237 1377 1391 1418 genua,
1407 1367 1502 1406 orat
1516 1364 1584 1405 uti
1596 1363 1767 1418 Polyx-

319 1442 448 1471 enam
469 1430 700 1484 suscipiat,
727 1431 901 1485 sibique
931 1431 1113 1473 habeat:
1145 1444 1280 1486 super
1300 1444 1400 1486 quae
1428 1430 1606 1486 juvenis
1639 1431 1764 1472 aliud

318 1500 510 1550 tempus,
532 1501 660 1552 atque
682 1498 819 1540 alium
839 1498 1007 1548 locum,
1039 1501 1362 1553 tractatumque
1394 1498 1487 1539 fore
1515 1497 1766 1552 respondit;

319 1563 492 1605 interim
511 1577 608 1606 cum
626 1578 679 1606 eo
697 1565 855 1607 reverti
869 1566 1028 1621 jubet.u
1086 1565 1159 1607 Ita
1178 1565 1381 1607 Priamus
1396 1570 1575 1619 recepto
1594 1564 1766 1606 Hecto-

320 1630 381 1671 ris
403 1630 633 1681 cadavere,
654 1644 930 1686 ascensoque
948 1631 1168 1682 vehiculo,
1183 1645 1282 1674 cum
1303 1632 1387 1684 his,
1402 1631 1478 1686 qui
1499 1644 1547 1673 se
1567 1631 1766 1674 comitati

326 1702 467 1748 erant,
487 1697 545 1739 ad
565 1698 743 1753 Trojam
763 1698 888 1739 redit.

924 1782 1165 1800 “oculte-900

367 1853 387 1881 7
413 1849 541 1891 Delph.
555 1848 700 1891 belloque,
716 1854 751 1882 et
765 1859 844 1883 mox
858 1850 981 1892 legitur
994 1861 1027 1884 se
1043 1862 1106 1894 pro
1121 1855 1264 1885 sesa-8
1286 1851 1415 1894 Delph.
1427 1852 1655 1885 advectaverat.

975 1946 1115 1979 NOTAE

323 2008 398 2041 Tali
413 2017 475 2049 pro
487 2007 629 2039 muliere
641 2008 747 2039 multo
761 2012 914 2049 ternpore
925 2007 1020 2041 dolo·

324 2069 379 2091 res
409 2059 495 2100 pati,
522 2057 633 2089 Valde
657 2058 748 2090 enim
775 2059 1021 2091 immortalibus

1072 2009 1151 2041 bum
1169 2009 1314 2041 Servitio
1330 2008 1453 2045 enixae,
1468 2008 1629 2040 tulimus?

1116 2060 1126 2079 ²
1149 2058 1465 2101 Securusjamfilioe]
1499 2057 1550 2090 At
1562 2058 1711 2090 nondum
1727 2058 1771 2091 de

326 2109 465 2142 Deabus
482 2108 576 2140 vultu
603 2108 721 2139 similis
743 2107 820 2140 est!
865 2108 950 2140 Cum
974 2109 1020 2140 lo·
1073 2108 1253 2149 Polyxena
1275 2109 1455 2150 quicquam
1479 2117 1591 2150 neque
1613 2108 1771 2140 Priamus

324 2168 402 2191 cum
418 2157 564 2199 pessime
578 2156 693 2189 reddit
715 2157 907 2198 Interpres.
951 2156 1021 2189 Ad-

326 2211 412 2243 dunt
428 2216 541 2242 tamen
564 2209 666 2241 iidem
690 2218 800 2241 senes.
844 2208 946 2240 Ἀλλὰ
971 2209 1023 2240 καὶ

328 2260 380 2296 ὣς,
394 2259 465 2297 τοίη
477 2271 535 2300 περ
550 2259 637 2298 ἐοῦς’,
653 2260 685 2290 ἐν
700 2258 788 2297 νηυσὶ
802 2258 927 2299 νεέσθω,
942 2259 1022 2297 Μηδ’

327 2310 402 2349 ἡμῖν
423 2309 567 2341 τεκέεσσί
589 2310 618 2341 τ’
639 2308 757 2340 ὀπίσσω
780 2310 865 2348 πῆμα
886 2309 1022 2342 λίποιτο.

326 2362 336 2379 ‘
349 2361 418 2393 Sed
433 2366 468 2392 et
483 2360 532 2391 sic
549 2359 665 2396 etiam,
688 2359 764 2391 talis
788 2360 941 2400 quamvis
965 2370 1024 2391 ex-

326 2412 432 2443 istens
448 2411 481 2442 in
498 2410 637 2442 navibus
655 2409 768 2449 abeat,
790 2410 912 2451 Neque
928 2409 1023 2441 nobis

330 2461 476 2503 filiisque
506 2461 540 2492 in
582 2464 754 2501 posterum
785 2459 1024 2492 detrimentum

330 2510 524 2552 relinquat.’

373 2565 384 2580 Γ
400 2561 518 2592 Filium
531 2570 620 2591 suum
637 2559 803 2600 Glaucum]
824 2558 952 2591 Nescio
966 2569 1024 2591 uu-

331 2610 374 2642 de
390 2611 454 2642 hoc
470 2611 608 2651 Dictys.

373 2666 383 2679 ⁵
410 2660 539 2701 Festus]
571 2659 781 2701 Superbiam.
825 2657 966 2699 Optime
982 2667 1025 2688 ex

332 2710 456 2751 Virgil.
468 2719 526 2742 ιιι.
543 2710 618 2741 AEn.
633 2711 643 2728 ‘
658 2710 742 2746 Nos,
758 2710 866 2751 patria
876 2709 1025 2746 incensa,

332 2761 466 2792 diversa
481 2770 543 2802 per
561 2769 700 2803 aequora
714 2764 835 2795 vectae,
845 2759 968 2800 Stirpis
980 2759 1024 2790 Α-

337 2810 468 2842 chilleae
500 2810 621 2847 fastus,
648 2811 876 2851 juvenemque
906 2818 1023 2851 super-

1075 2167 1184 2199 neque
1203 2157 1366 2198 Achilles,
1388 2161 1425 2190 ut
1441 2157 1513 2199 ejus
1536 2167 1674 2190 securus
1695 2167 1772 2190 esse

1076 2208 1186 2249 possit
1202 2207 1372 2240 Priamus.
1415 2209 1520 2240 Certe
1543 2208 1597 2239 hic
1612 2208 1771 2241 mendum

1076 2261 1139 2289 est.
1181 2257 1286 2297 Lego,
1309 2259 1319 2275 ‘
1334 2267 1471 2289 securus
1493 2257 1565 2298 jam
1587 2256 1669 2290 filii!
1710 2256 1774 2290 Ait

1078 2307 1209 2348 Dictys,
1230 2308 1405 2339 Priamum
1425 2317 1534 2349 genua
1547 2307 1688 2340 Achillis
1703 2316 1774 2339 am·

1078 2358 1213 2397 plexum
1239 2356 1355 2397 fuisse,
1380 2358 1547 2389 incertum
1563 2366 1605 2388 an
1630 2362 1774 2398 propter

1076 2407 1295 2448 impetratum
1322 2407 1395 2448 ejus
1422 2405 1545 2446 funus;
1568 2407 1598 2438 ei
1619 2407 1709 2438 enim
1725 2406 1774 2439 Α-

1077 2457 1194 2489 chilles
1210 2457 1283 2488 dies
1303 2456 1459 2488 undecim
1485 2455 1630 2488 Hectori
1653 2457 1775 2497 sepeli-

1077 2506 1165 2538 endo
1181 2511 1400 2538 concesserat
1416 2515 1426 2545 ;
1448 2515 1491 2538 an
1507 2510 1647 2547 propter
1661 2505 1774 2538 reddi-

1079 2563 1151 2589 tum
1175 2556 1236 2588 filii
1259 2556 1418 2593 cadaver,
1440 2565 1507 2597 quo
1529 2558 1683 2597 recepto,
1701 2556 1774 2597 ejus

1073 2608 1144 2649 jam
1161 2616 1298 2639 securus
1313 2611 1388 2638 erat
1412 2606 1583 2645 Priamus,
1609 2605 1773 2647 quicquid

1077 2658 1186 2699 'l'rojae
1201 2658 1385 2689 accideret.

1120 2713 1134 2729 ¹³
1159 2707 1285 2739 Reverti
1304 2706 1411 2748 jubet]
1445 2705 1658 2747 Polyxenam
1683 2705 1775 2738 scili-

1079 2763 1147 2790 cet.
