1915 3231
502 305 529 339 Ἴ

562 362 624 390 DE
661 361 830 392 uxeio.
862 362 1029 393 'rRoJAE
1064 361 1257 393 His‘ross.
1542 354 1626 395 319

177 454 390 502 tissimus,
410 453 599 494 occidit:
631 455 796 495 AEueas
817 454 1216 507 Amphimachum,r
1243 460 1287 496 et
1318 455 1500 496 Nireum
1522 470 1531 498 :
1562 457 1626 497 A-

178 521 332 562 chilles
373 519 667 572 Euphemum,
705 521 1053 574 Hippothoum,S
1093 522 1311 574 Pyleum‚t
1342 521 1566 563 Asterium
1586 530 1627 564 :¹¹

177 586 418 628 Diomedes
441 586 770 640 Xanthippum,
795 588 1068 629 Mesthlem.¹'
1124 587 1429 640 Agamemnon
1454 594 1502 629 ut
1517 590 1627 631 vidit

174 654 444 694 fortissimos
477 653 705 702 cecidisse,
735 667 926 707 pugnam
958 655 1194 694 revocavit.
1254 654 1436 707 Trojani
1466 656 1556 697 laeti
1579 656 1623 696 in

176 720 390 773 oppidum
409 723 692 761 revertuntur.
733 721 1040 773 Agamemnon
1063 722 1276 763 sollicitus
1296 722 1433 763 duces
1455 723 1500 763 in
1523 736 1628 763 con-

176 788 324 829 silium
364 791 580 828 convocat
600 800 609 828 :
643 787 842 828 hortatur
883 792 930 829 ut
970 789 1153 829 viriliter
1183 796 1441 842 pugnarent,
1478 803 1621 843 neque

173 854 449 904 desisterent,
489 855 697 907 quoniam
736 855 874 909 major
913 869 1019 909 pars
1059 869 1116 897 ex
1157 857 1251 897 suis
1292 862 1496 910 superata
1535 859 1593 897 sit
1616 870 1627 908 ;

173 934 351 974 sperare
382 934 430 961 se
463 923 705 962 exercitum
738 935 795 962 ex
827 923 978 976 Mysia
1009 923 1205 976 quotidie
1243 928 1625 977 superventurum.

174 987 285 1041 [22]
315 988 508 1029 Postera
540 988 611 1028 die
641 988 946 1041 Agamemnon
969 994 1112 1030 totum
1133 991 1389 1039 exercitum,
1412 993 1454 1030 et
1475 1003 1626 1031 omnes

173 1055 325 1105 duces,
360 1057 404 1096 in
435 1069 628 1109 pugnam
663 1056 840 1109 prodire
872 1056 1034 1109 coegit.
1095 1057 1263 1098 Contra
1294 1057 1492 1110 Trojani.
1553 1057 1627 1097 Fit

171 1135 332 1175 magna
352 1123 519 1172 caedes,
541 1124 698 1164 acriter
716 1123 930 1176 utrimque
953 1129 1188 1176 pugnatur,
1200 1124 1343 1165 multa
1363 1124 1505 1164 millia
1525 1124 1624 1164 hinc

173 1194 219 1230 et
251 1189 352 1230 inde
381 1189 570 1231 cadunt:
610 1203 690 1230 nec
723 1190 1004 1231 differebatur
1034 1205 1200 1244 pugna,
1238 1192 1299 1232 ita
1330 1195 1377 1231 ut
1405 1191 1626 1231 continuis

172 1256 397 1309 octoginta
418 1256 573 1297 diebus
593 1261 836 1309 pugnatum
858 1257 929 1297 sit.
962 1257 1268 1310 Agamemnon
1286 1263 1333 1299 ut
1357 1259 1467 1298 vidit
1487 1258 1626 1297 multa

171 1323 312 1364 millia
332 1323 531 1376 quotidie
554 1323 727 1373 cadere,
749 1336 831 1364 nec
853 1323 1052 1364 sufficere
1072 1330 1269 1366 mortuos
1295 1325 1389 1365 sine
1411 1324 1624 1365 intermis-

172 1391 294 1431 sione
309 1390 512 1440 sunerari,
533 1391 651 1431 misit
672 1392 843 1443 legatos
860 1391 1070 1444 Ulyssem
1087 1396 1130 1432 et
1147 1392 1407 1433 Diomedem
1423 1391 1479 1431 ad
1499 1391 1624 1431 Pria-

171 1469 306 1506 mum,
325 1461 377 1496 ut
397 1456 600 1498 inducias
622 1458 664 1497 in
687 1458 920 1498 triennium
943 1463 1179 1511 peterent,w
1213 1464 1260 1499 ut
1288 1472 1394 1499 suos
1422 1458 1623 1498 funerare

169 1526 335 1576 posset,
356 1529 401 1564 et
421 1524 674 1565 vulneratos
694 1537 864 1573 curare,
882 1529 926 1565 et
948 1537 1084 1566 naves
1106 1524 1300 1574 reficere,
1323 1531 1366 1566 et
1381 1525 1623 1565 exercitum

169 1603 384 1644 reparare,
406 1596 767 1644 commeatusque
786 1604 1060 1645 comparare.
1103 1592 1290 1646 Ulysses
1312 1597 1357 1633 et
1381 1591 1622 1633 Diomedes

824 1745 964 1777 NOTAE

209 1845 224 1860 ⁰
250 1836 448 1880 Elpenorem]
482 1840 550 1871 Sed
569 1840 772 1879 Elpenorem
798 1839 868 1870 Ho-

167 1900 293 1929 merus,
309 1890 377 1922 Od.
396 1894 434 1921 K.
456 1890 490 1921 in
514 1890 613 1921 domo
638 1891 754 1921 Circes
782 1899 868 1921 mor-

167 1945 262 1972 tuum
280 1940 377 1978 dicit,
392 1950 469 1971 cum
485 1950 503 1971 e
520 1945 614 1971 tecto
630 1940 824 1971 decidisset.

211 1993 228 2015 Ρ
250 1990 401 2030 Dorium]
430 1990 550 2030 Neque
563 1990 652 2030 apud
668 1991 868 2029 Homerum,

167 2049 276 2081 neque
294 2039 384 2080 apud
400 2039 481 2070 alios
498 2040 642 2080 quosvis,
656 2040 798 2070 Dorium
816 2040 866 2070 in-

166 2090 292 2121 venias.
337 2090 429 2120 Puto
446 2089 608 2120 Daretem
627 2098 748 2119 nomen
774 2089 867 2120 urbis

166 2150 243 2172 cum
261 2139 323 2171 viri
338 2139 473 2170 nomine
490 2138 695 2170 confudisse.
724 2140 867 2170 Dorium

166 2189 255 2220 enim
279 2190 312 2220 in
329 2188 476 2220 Arcadia
499 2188 591 2220 cirea
616 2189 786 2228 Alpheum
809 2190 869 2220 aii-

166 2239 256 2271 cubi.
297 2239 434 2277 Strabo,
465 2247 532 2270 vn.
564 2248 605 2269 ex
633 2239 794 2278 Homero,
827 2239 868 2269 11.

165 2294 202 2320 B.
247 2289 324 2322 Nisi
341 2289 454 2329 potius
472 2298 533 2329 pro
548 2289 557 2306 ‘
575 2289 717 2319 Dorium
730 2287 739 2301 '
760 2288 868 2328 scrip-

165 2345 240 2371 tum
268 2339 373 2370 fuisse
402 2339 494 2370 dicas
522 2339 531 2356 ‘
551 2339 687 2370 Diorem
703 2338 733 2377 3'
768 2348 867 2380 quem

168 2390 298 2421 Noster
311 2389 353 2420 ab
361 2389 515 2420 Hectore
528 2389 758 2424 occisum,etsi
775 2391 867 2420 iilum

167 2440 338 2472 Homerus
365 2449 384 2470 a
411 2440 494 2470 Piro
524 2439 727 2480 Imbrafide,
759 2440 800 2470 ΙΙ.
827 2444 866 2470 Δ.

165 2489 212 2520 Et
228 2490 276 2521 ita
291 2489 426 2521 omnino
442 2490 690 2530 corrigendum.
712 2490 767 2521 Sic
783 2490 868 2521 Dic-

169 2545 223 2581 tys
250 2540 369 2571 scribit
398 2540 539 2571 Diorem
579 2545 614 2572 et
643 2540 869 2581 Polyxenum,

166 2591 247 2623 satis
275 2590 418 2632 impigre
441 2595 643 2631 pugnantes,
671 2591 863 2621 vulneratos

165 2640 279 2672 fuisse.

210 2695 228 2716 ‘1
243 2690 450 2732 Polyxenam]
468 2689 653 2728 Agathenis
665 2688 784 2720 filium.
810 2689 863 2720 De

167 2739 242 2780 ejus
258 2746 366 2771 morte
379 2740 460 2771 nihil
476 2739 661 2770 Homerus.

195 2794 224 2827 .,¹'
234 2789 505 2831 Amphimachum]
520 2790 629 2823 Quem
641 2789 811 2820 Homerus
825 2788 866 2819 ab

169 2838 323 2870 Hectore
339 2840 485 2870 occisum
502 2840 600 2879 dicit,
616 2839 656 2872 ΙΙ.
674 2843 705 2870 Γ.
737 2839 791 2870 De
807 2838 866 2870 Ni-

170 2888 219 2919 rei
236 2893 344 2920 morte
361 2889 441 2920 nihil
459 2890 641 2921 Homerus.

966 1845 976 1860 ³
1003 1841 1205 1881 Euphemum,
1222 1842 1452 1884 Hippothoum]
1489 1843 1624 1883 Euphe-

922 1890 966 1921 mi
983 1897 1124 1922 mortem
1144 1897 1236 1923 tacet
1250 1893 1420 1924 Homerus
1437 1903 1447 1931 3
1484 1898 1520 1924 et
1537 1894 1623 1934 Hip-

921 1940 1080 1980 pothoum
1108 1941 1150 1972 ab
1175 1940 1283 1982 Ajace
1311 1942 1511 1973 Telamonio
1533 1944 1624 1974 occi-

920 2000 991 2020 sum
1008 1991 1106 2030 dicit,
1123 1992 1163 2022 ΙΙ.
1178 1996 1210 2023 Ρ.
1257 1992 1344 2023 Vide
1360 1993 1450 2033 apud
1469 1994 1612 2033 Dictyu.

964 2042 972 2059 ²
995 2041 1145 2081 Pyleum]
1177 2041 1400 2072 Scribendum
1418 2043 1428 2058 ‘
1444 2042 1622 2082 Pylaeum!

920 2089 1056 2122 Πύλαιος
1069 2091 1232 2131 Homero,
1249 2092 1305 2132 qui
1321 2092 1396 2132 ejus
1410 2098 1552 2123 mortem
1570 2098 1619 2124 ta-

921 2144 990 2171 cet.

965 2197 979 2212 ¹¹
1000 2191 1176 2231 Asterium]
1199 2191 1361 2223 Asterium
1374 2192 1428 2223 hic
1450 2194 1556 2223 virum
1574 2193 1622 2223 fa-

923 2241 971 2272 cit
990 2242 1112 2279 Dares,
1128 2242 1216 2282 quod
1233 2251 1268 2272 re
1285 2251 1365 2272 vera
1377 2241 1441 2272 fuit
1458 2241 1622 2283 oppidum

922 2290 1113 2325 Thessaiiae,
1131 2291 1233 2322 Hom.
1250 2291 1292 2322 ΙΙ.
1308 2295 1344 2322 Β.

964 2345 978 2360 v
1002 2340 1229 2380 Xanthippum,
1247 2340 1427 2380 Mesthlem]
1452 2341 1622 2381 Xanthip-

923 2391 956 2432 pi
974 2392 1066 2422 nulia
1083 2391 1222 2429 mentio,
1240 2401 1352 2431 neque
1378 2390 1467 2431 apud
1494 2391 1622 2421 Home-

924 2451 995 2472 rum
1013 2451 1119 2482 neque
1135 2441 1225 2481 apud
1249 2441 1342 2472 aiios.
1386 2441 1465 2471 Fuit
1485 2440 1621 2480 quidem

924 2490 1002 2521 oiim
1029 2490 1248 2530 Xanthippus
1276 2489 1420 2520 Melanis
1441 2489 1541 2528 filius,
1560 2489 1620 2519 sed

924 2539 951 2570 is
968 2545 1047 2571 ante
1062 2540 1239 2579 Trojauam
1256 2539 1510 2579 expeditionem
1529 2539 1622 2578 aTy-

919 2590 981 2621 deo
997 2590 1126 2621 occisus
1141 2588 1218 2620 fuit.
1263 2588 1460 2629 Apollodor.
1474 2597 1518 2620 ιι.

961 2646 981 2660 W
1009 2641 1053 2671 Ut
1073 2640 1212 2670 inducias
1227 2639 1260 2670 in
1280 2638 1449 2670 triennium
1463 2635 1621 2678 peterent]

918 2690 1011 2722 Nihil
1042 2690 1244 2721 intentatum
1273 2688 1408 2729 reliquit
1434 2689 1555 2722 Dares,
1583 2692 1620 2718 ut

920 2739 1146 2779 expeditionis
1162 2739 1316 2779 Trojanae
1340 2737 1540 2768 decennium
1562 2746 1621 2767 ex-

921 2790 1036 2830 pleat:
1063 2789 1132 2830 qui,
1153 2793 1232 2829 post
1252 2787 1401 2819 inducias
1423 2786 1562 2825 biennii,
1576 2786 1620 2817 de

922 2839 1042 2881 quibus
1054 2839 1124 2880 jam
1141 2848 1256 2880 supra,
1273 2838 1328 2869 hic
1345 2837 1481 2870 triennii
1498 2837 1620 2868 aiteras

924 2889 1028 2928 ponit.
