1915 3231
246 269 302 310 76
827 284 938 314 nun.
972 283 1120 313 siuns

247 378 472 420 oraculum
505 380 770 435 Delphicum
801 383 1138 423 consulentibus
1165 394 1426 435 responsum
1457 387 1539 431 cst,
1562 395 1691 436 opor-

246 449 335 486 tere
355 450 403 486 ut
416 448 662 489 sacrificent
678 448 879 502 Apollini
899 449 1138 490 Smintheo.
1200 448 1330 499 Quod
1352 462 1453 489 cum
1470 448 1690 500 fecissent,

247 512 433 554 murium
455 513 552 555 haec
574 514 707 556 desiit
728 516 976 556 calamitas.

307 578 453 632 Longe
475 581 598 623 aliter
619 582 791 631 Strabo,
815 592 929 623 xm.
951 581 1076 634 cujus
1097 582 1182 622 hoc
1205 585 1509 621 commentum.

304 644 492 686 Teucris
527 659 551 686 e
590 647 721 688 Creta
753 647 963 700 profectis
996 648 1218 688 oraculum
1252 654 1346 687 erat
1367 648 1533 697 dutum,
1561 653 1610 689 ut
1631 649 1693 690 ibi

251 711 398 751 sedem
434 712 630 765 figerent,
666 715 739 754 ubi
774 727 855 754 eos
887 716 1112 767 terrigenae
1155 714 1438 754 adorirentur.
1499 715 1696 768 Contigit

249 781 393 818 autem
413 779 492 819 boc
508 781 572 820 eis
595 780 715 820 circa
734 780 1042 831 Hamaxitum,
1061 781 1253 821 Troadis
1268 781 1414 820 urbem
1431 794 1441 831 3
1471 782 1546 821 ubi
1560 787 1694 823 noctu

247 855 408 891 mureS‚
431 847 638 898 quicquid
669 860 883 887 armorum
916 851 960 887 et
990 848 1241 888 utensilium
1277 860 1333 886 ex
1364 847 1484 887 corio
1506 848 1696 889 invenis-

248 915 360 958 sent,
382 924 625 954 corrosere.
686 913 776 954 Hic
799 927 899 966 ergo
919 914 1055 966 figunt
1077 914 1205 954 sedes
1222 913 1418 967 Trojani,
1441 919 1486 955 et
1505 920 1696 957 montem

248 979 304 1018 ab
327 978 426 1027 Ida,
448 992 549 1032 quae
565 980 608 1020 in
631 979 775 1029 Creta,
792 986 955 1021 vocant
975 980 1114 1021 Idam.

306 1043 533 1097 Apollinis
563 1050 704 1087 autem
744 1046 951 1087 Sminthii
984 1046 1195 1099 templum
1235 1047 1278 1086 in
1307 1045 1498 1087 Tenedo.
1560 1046 1698 1088 Hom.

251 1111 303 1152 ΙΙ.
325 1127 364 1150 α.
386 1117 430 1154 et
449 1113 608 1154 Strabo
630 1123 745 1154 xiil.
768 1114 886 1154 circa
905 1113 1022 1166 quod
1044 1113 1230 1154 murium
1251 1115 1495 1167 (sacrorum
1529 1114 1701 1154 scilicet

250 1182 295 1217 et
314 1178 592 1233 immunium)
613 1192 770 1231 magna
791 1179 940 1232 copia.
1000 1178 1252 1229 Quinimmo
1274 1178 1400 1232 cujus
1418 1179 1699 1221 simulacrum

251 1258 411 1285 murem
444 1246 557 1299 pede
588 1247 759 1299 premit.
820 1245 964 1296 Quale
985 1249 1026 1285 et
1056 1250 1126 1285 est
1155 1246 1198 1286 in
1228 1246 1333 1285 urbe
1365 1244 1550 1298 chrysa,
1578 1247 1699 1299 quod

251 1312 426 1365 Scopas
448 1311 607 1353 Parius
628 1312 744 1362 fecit,
768 1311 895 1365 cujus
927 1312 1114 1364 pedibus
1135 1324 1309 1364 quoque
1341 1324 1439 1351 mus
1474 1312 1700 1366 subjacet:

252 1378 408 1419 eodem
430 1378 648 1420 Strabone
664 1383 708 1420 et
732 1378 968 1419 Heraclide
988 1377 1188 1427 Pontico,
1212 1378 1486 1420 auctoribus.

595 1555 947 1604 TABULA
1015 1555 1362 1604 TERTIA.

662 1704 808 1746 XIII.
867 1703 1296 1746 LUCTATORES.

757 1793 860 1834 Lm.
883 1804 957 1833 111.
988 1792 1106 1833 CAP.
1129 1793 1197 1833 19.

257 1894 271 1913 ‘
298 1891 486 1932 Praemia
505 1892 706 1933 luctandi
737 1893 903 1934 intacta
933 1905 1238 1946 permansere:
1271 1891 1436 1945 quippe
1459 1890 1578 1944 Ajax
1600 1892 1704 1932 arri-

311 1959 437 2012 piens
457 1959 650 2000 medium
680 1959 890 2014 Ulyssem
921 1959 1086 2013 dejicit,
1117 1959 1192 2012 qui
1223 1971 1370 2007 ruens,
1393 1959 1581 2011 pedibus
1607 1958 1703 2011 ejus

313 2025 681 2076 circumnectitur,
703 2030 834 2079 atque
873 2026 936 2066 ita
972 2025 1218 2079 praepedito
1254 2025 1539 2079 obligatoque
1568 2037 1703 2074 nexu,

313 2091 432 2145 Ajax
454 2105 563 2145 pene
576 2093 672 2147 jam
692 2093 838 2133 victor
854 2092 910 2132 ad
931 2095 1087 2133 terram
1103 2091 1218 2132 ruit!

316 2180 666 2220 EXERci'rATio
699 2180 955 2233 campestris
976 2180 1257 2232 ingenuorum
1278 2192 1510 2232 puerorum
1532 2185 1578 2221 et
1598 2180 1706 2221 ado-

256 2247 517 2288 lescentium
539 2246 659 2300 apud
681 2246 866 2288 Graecos
886 2244 1081 2301 (tandem
1103 2259 1281 2299 quoque
1313 2245 1430 2299 apud
1455 2245 1706 2300 Romanos)

257 2314 489 2366 generibus
510 2314 696 2355 extabat
717 2314 925 2367 quinque.
985 2313 1088 2353 Erat
1120 2316 1267 2353 autem
1290 2312 1358 2352 vel
1391 2312 1518 2353 Disci
1533 2311 1704 2365 jactus,

257 2380 327 2420 vel
347 2379 530 2429 Cursus,
563 2380 635 2421 vel
669 2380 837 2429 Saltus,
860 2380 926 2420 vel
953 2378 982 2420 J
987 2379 1196 2427 aculatio,
1224 2378 1293 2419 vel
1322 2377 1512 2431 denique
1534 2379 1706 2431 Lucta3

258 2447 490 2500 victorque
521 2447 565 2486 in
595 2446 766 2487 cunctis
801 2445 1110 2500 appellabatur
1130 2442 1351 2491 Πένταθλος.
1410 2444 1586 2485 Graecis
1607 2445 1703 2486 sive

260 2513 476 2554 Romanis
506 2513 800 2566 quinquertio.

318 2579 642 2620 Exercebantur
658 2579 700 2618 in
717 2579 925 2631 palaestra
936 2577 1031 2632 (cui
1048 2590 1209 2618 nomen
1231 2590 1257 2617 a
1281 2575 1406 2626 Πάλη,
1426 2576 1566 2630 lucta)
1584 2577 1705 2629 nudi,

259 2645 406 2700 γύμνοι,
428 2645 576 2700 (Virg.
601 2656 651 2687 ιι.
670 2645 829 2698 Georg.
850 2645 948 2685 521.
970 2649 1013 2686 et
1035 2656 1108 2684 111.
1129 2644 1229 2684 AEn.
1250 2643 1346 2684 281.

484 2712 700 2753 Exercent
720 2713 905 2765 patrias,
928 2712 1029 2753 oleo
1050 2712 1241 2759 labente,
1265 2710 1497 2763 palaestras

489 2779 650 2819 Nudati
670 2779 798 2820 socii.
