<?xml version="1.0" encoding="UTF-8"?>
<!DOCTYPE html PUBLIC "-//W3C//DTD XHTML 1.0 Transitional//EN"
    "http://www.w3.org/TR/xhtml1/DTD/xhtml1-transitional.dtd">
<html xmlns="http://www.w3.org/1999/xhtml" xml:lang="en" lang="en">
 <head>
  <title>
</title>
<meta http-equiv="Content-Type" content="text/html;charset=utf-8" />
  <meta name='ocr-system' content='tesseract 3.04.00' />
  <meta name='ocr-capabilities' content='ocr_page ocr_carea ocr_par ocr_line ocrx_word'/>
</head>
<body>
  <div class='ocr_page' id='page_1' title='image "./dictyscretensise01dictuoft_0325.png"; bbox 0 0 1915 3231; ppageno 0'>
   <div class='ocr_carea' id='block_1_1' title="bbox 594 339 1664 382">
    <p class='ocr_par' dir='ltr' id='par_1_1' title="bbox 594 339 1664 382">
     <span class='ocr_line' id='line_1_1' title="bbox 594 339 1664 382; baseline 0.002 -2"><span class='ocrx_word' id='word_1_1' title='bbox 594 352 656 381; x_wconf 77' lang='lat' dir='ltr'><strong>nn</strong></span> <span class='ocrx_word' id='word_1_2' title='bbox 692 351 857 382; x_wconf 68' lang='lat' dir='ltr'><strong>exeun.</strong></span> <span class='ocrx_word' id='word_1_3' title='bbox 890 352 1056 382; x_wconf 68' lang='lat' dir='ltr'><strong>&#39;rnoJAE</strong></span> <span class='ocrx_word' id='word_1_4' title='bbox 1090 351 1290 381; x_wconf 72' lang='lat' dir='ltr'><strong>Hisron.</strong></span> <span class='ocrx_word' id='word_1_5' title='bbox 1576 339 1664 382; x_wconf 85' lang='lat'><strong>305</strong></span> 
     </span>
    </p>
   </div>
   <div class='ocr_carea' id='block_1_2' title="bbox 214 444 1681 1634">
    <p class='ocr_par' dir='ltr' id='par_1_2' title="bbox 214 444 1681 1634">
     <span class='ocr_line' id='line_1_2' title="bbox 214 444 1662 499; baseline -0.001 -13"><span class='ocrx_word' id='word_1_6' title='bbox 214 460 304 487; x_wconf 87' lang='lat' dir='ltr'><strong>rem</strong></span> <span class='ocrx_word' id='word_1_7' title='bbox 325 446 367 486; x_wconf 90' lang='lat' dir='ltr'><strong>in</strong></span> <span class='ocrx_word' id='word_1_8' title='bbox 388 446 657 498; x_wconf 87' lang='lat' dir='ltr'><strong>superiorem</strong></span> <span class='ocrx_word' id='word_1_9' title='bbox 678 446 940 499; x_wconf 79' lang='lat' dir='ltr'><strong>Phrygiams</strong></span> <span class='ocrx_word' id='word_1_10' title='bbox 969 446 1101 493; x_wconf 87' lang='lat' dir='ltr'><strong>misit,</strong></span> <span class='ocrx_word' id='word_1_11' title='bbox 1132 448 1178 484; x_wconf 92' lang='lat' dir='ltr'><strong>ut</strong></span> <span class='ocrx_word' id='word_1_12' title='bbox 1197 444 1438 485; x_wconf 83' lang='lat' dir='ltr'><strong>exercitum</strong></span> <span class='ocrx_word' id='word_1_13' title='bbox 1462 450 1662 497; x_wconf 87' lang='lat' dir='ltr'><strong>pararet;</strong></span> 
     </span>
     <span class='ocr_line' id='line_1_3' title="bbox 216 510 1665 565; baseline -0.003 -10"><span class='ocrx_word' id='word_1_14' title='bbox 216 518 261 555; x_wconf 90' lang='lat' dir='ltr'><strong>et</strong></span> <span class='ocrx_word' id='word_1_15' title='bbox 287 514 352 555; x_wconf 90' lang='lat' dir='ltr'><strong>ita</strong></span> <span class='ocrx_word' id='word_1_16' title='bbox 380 517 547 565; x_wconf 86' lang='lat' dir='ltr'><strong>praesto</strong></span> <span class='ocrx_word' id='word_1_17' title='bbox 569 516 703 552; x_wconf 89' lang='lat' dir='ltr'><strong>esset.</strong></span> <span class='ocrx_word' id='word_1_18' title='bbox 763 511 1029 561; x_wconf 87' lang='lat' dir='ltr'><strong>Cassandra,</strong></span> <span class='ocrx_word' id='word_1_19' title='bbox 1055 516 1294 565; x_wconf 81' lang='lat' dir='ltr'><strong>postquam</strong></span> <span class='ocrx_word' id='word_1_20' title='bbox 1328 510 1500 553; x_wconf 78' lang='lat' dir='ltr'><strong>audivit</strong></span> <span class='ocrx_word' id='word_1_21' title='bbox 1525 512 1665 564; x_wconf 88' lang='lat' dir='ltr'><strong>patris</strong></span> 
     </span>
     <span class='ocr_line' id='line_1_4' title="bbox 216 577 1668 631; baseline -0.003 -10"><span class='ocrx_word' id='word_1_22' title='bbox 216 579 461 629; x_wconf 89' lang='lat' dir='ltr'><strong>consilium,</strong></span> <span class='ocrx_word' id='word_1_23' title='bbox 481 578 625 619; x_wconf 85' lang='lat' dir='ltr'>dicere</span> <span class='ocrx_word' id='word_1_24' title='bbox 644 579 782 630; x_wconf 88' lang='lat' dir='ltr'><strong>coepit</strong></span> <span class='ocrx_word' id='word_1_25' title='bbox 800 591 902 631; x_wconf 87' lang='lat' dir='ltr'><strong>quae</strong></span> <span class='ocrx_word' id='word_1_26' title='bbox 922 578 1130 631; x_wconf 87' lang='lat' dir='ltr'><strong>Trojanis</strong></span> <span class='ocrx_word' id='word_1_27' title='bbox 1151 579 1295 618; x_wconf 86' lang='lat' dir='ltr'><strong>futura</strong></span> <span class='ocrx_word' id='word_1_28' title='bbox 1314 582 1479 627; x_wconf 82' lang='lat' dir='ltr'><strong>essent,</strong></span> <span class='ocrx_word' id='word_1_29' title='bbox 1509 578 1547 617; x_wconf 92' lang='lat' dir='ltr'><strong>si</strong></span> <span class='ocrx_word' id='word_1_30' title='bbox 1571 577 1668 618; x_wconf 89' lang='lat' dir='ltr'><strong>Pri-</strong></span> 
     </span>
     <span class='ocr_line' id='line_1_5' title="bbox 216 643 1669 699; baseline -0.001 -11"><span class='ocrx_word' id='word_1_31' title='bbox 216 659 344 688; x_wconf 84' lang='lat' dir='ltr'><strong>amus</strong></span> <span class='ocrx_word' id='word_1_32' title='bbox 364 650 668 699; x_wconf 87' lang='lat' dir='ltr'><strong>perseveraret</strong></span> <span class='ocrx_word' id='word_1_33' title='bbox 688 646 878 686; x_wconf 84' lang='lat' dir='ltr'><strong>classem</strong></span> <span class='ocrx_word' id='word_1_34' title='bbox 899 645 944 685; x_wconf 92' lang='lat' dir='ltr'><strong>in</strong></span> <span class='ocrx_word' id='word_1_35' title='bbox 959 644 1182 686; x_wconf 83' lang='lat' dir='ltr'><strong>Graeciam</strong></span> <span class='ocrx_word' id='word_1_36' title='bbox 1203 645 1389 685; x_wconf 88' lang='lat' dir='ltr'><strong>mittere.</strong></span> <span class='ocrx_word' id='word_1_37' title='bbox 1427 643 1508 698; x_wconf 87' lang='lat'>[9.]</span> <span class='ocrx_word' id='word_1_38' title='bbox 1528 644 1669 686; x_wconf 83' lang='lat' dir='ltr'><strong>Inter-</strong></span> 
     </span>
     <span class='ocr_line' id='line_1_6' title="bbox 217 710 1670 766; baseline -0.001 -12"><span class='ocrx_word' id='word_1_39' title='bbox 217 726 270 754; x_wconf 90' lang='lat' dir='ltr'><strong>ea</strong></span> <span class='ocrx_word' id='word_1_40' title='bbox 300 716 468 766; x_wconf 89' lang='lat' dir='ltr'><strong>tempus</strong></span> <span class='ocrx_word' id='word_1_41' title='bbox 495 713 777 766; x_wconf 87' lang='lat' dir='ltr'><strong>supervenit:</strong></span> <span class='ocrx_word' id='word_1_42' title='bbox 808 724 947 753; x_wconf 87' lang='lat' dir='ltr'><strong>naves</strong></span> <span class='ocrx_word' id='word_1_43' title='bbox 969 711 1204 753; x_wconf 82' lang='lat' dir='ltr'><strong>aedificatae</strong></span> <span class='ocrx_word' id='word_1_44' title='bbox 1226 716 1342 752; x_wconf 89' lang='lat' dir='ltr'><strong>sunt.</strong></span> <span class='ocrx_word' id='word_1_45' title='bbox 1404 710 1574 752; x_wconf 87' lang='lat' dir='ltr'><strong>Milites</strong></span> <span class='ocrx_word' id='word_1_46' title='bbox 1597 724 1670 752; x_wconf 89' lang='lat' dir='ltr'><strong>su-</strong></span> 
     </span>
     <span class='ocr_line' id='line_1_7' title="bbox 216 778 1671 833; baseline -0.001 -13"><span class='ocrx_word' id='word_1_47' title='bbox 216 783 514 833; x_wconf 85' lang='lat' dir='ltr'><strong>pervenerunt,</strong></span> <span class='ocrx_word' id='word_1_48' title='bbox 536 792 648 832; x_wconf 86' lang='lat' dir='ltr'><strong>quos</strong></span> <span class='ocrx_word' id='word_1_49' title='bbox 668 778 926 820; x_wconf 84' lang='lat' dir='ltr'><strong>Alexander</strong></span> <span class='ocrx_word' id='word_1_50' title='bbox 953 783 997 820; x_wconf 91' lang='lat' dir='ltr'><strong>et</strong></span> <span class='ocrx_word' id='word_1_51' title='bbox 1028 778 1295 832; x_wconf 88' lang='lat' dir='ltr'><strong>Deiphobus</strong></span> <span class='ocrx_word' id='word_1_52' title='bbox 1325 779 1369 818; x_wconf 92' lang='lat' dir='ltr'><strong>in</strong></span> <span class='ocrx_word' id='word_1_53' title='bbox 1401 778 1587 819; x_wconf 80' lang='lat' dir='ltr'><strong>Paeonia</strong></span> <span class='ocrx_word' id='word_1_54' title='bbox 1606 778 1671 819; x_wconf 88' lang='lat' dir='ltr'><strong>le-</strong></span> 
     </span>
     <span class='ocr_line' id='line_1_8' title="bbox 216 845 1671 899; baseline -0.001 -13"><span class='ocrx_word' id='word_1_55' title='bbox 216 850 367 899; x_wconf 86' lang='lat' dir='ltr'><strong>gerant</strong></span> <span class='ocrx_word' id='word_1_56' title='bbox 382 859 393 896; x_wconf 94' lang='lat'>;</span> <span class='ocrx_word' id='word_1_57' title='bbox 415 851 462 886; x_wconf 88' lang='lat' dir='ltr'><strong>et</strong></span> <span class='ocrx_word' id='word_1_58' title='bbox 482 846 558 886; x_wconf 88' lang='lat' dir='ltr'><strong>ubi</strong></span> <span class='ocrx_word' id='word_1_59' title='bbox 571 846 714 886; x_wconf 90' lang='lat' dir='ltr'><strong>visum</strong></span> <span class='ocrx_word' id='word_1_60' title='bbox 729 850 798 886; x_wconf 89' lang='lat' dir='ltr'><strong>est</strong></span> <span class='ocrx_word' id='word_1_61' title='bbox 814 858 947 899; x_wconf 90' lang='lat' dir='ltr'><strong>posse</strong></span> <span class='ocrx_word' id='word_1_62' title='bbox 963 845 1189 898; x_wconf 86' lang='lat' dir='ltr'><strong>navigare,</strong></span> <span class='ocrx_word' id='word_1_63' title='bbox 1210 845 1414 886; x_wconf 89' lang='lat' dir='ltr'><strong>Priamus</strong></span> <span class='ocrx_word' id='word_1_64' title='bbox 1427 846 1671 886; x_wconf 84' lang='lat' dir='ltr'><strong>exercitum</strong></span> 
     </span>
     <span class='ocr_line' id='line_1_9' title="bbox 220 911 1673 966; baseline -0.001 -12"><span class='ocrx_word' id='word_1_65' title='bbox 220 913 485 966; x_wconf 83' lang='lat' dir='ltr'><strong>alloquitur:</strong></span> <span class='ocrx_word' id='word_1_66' title='bbox 522 911 827 953; x_wconf 84' lang='lat' dir='ltr'><strong>Alexandrum</strong></span> <span class='ocrx_word' id='word_1_67' title='bbox 858 912 1175 965; x_wconf 87' lang='lat' dir='ltr'><strong>Imperatorem</strong></span> <span class='ocrx_word' id='word_1_68' title='bbox 1213 912 1428 952; x_wconf 85' lang='lat' dir='ltr'><strong>exercitui</strong></span> <span class='ocrx_word' id='word_1_69' title='bbox 1469 911 1673 965; x_wconf 84' lang='lat' dir='ltr'><strong>praeficit,</strong></span> 
     </span>
     <span class='ocr_line' id='line_1_10' title="bbox 219 978 1673 1032; baseline -0.001 -12"><span class='ocrx_word' id='word_1_70' title='bbox 219 979 354 1020; x_wconf 87' lang='lat' dir='ltr'><strong>mittit</strong></span> <span class='ocrx_word' id='word_1_71' title='bbox 374 992 473 1020; x_wconf 90' lang='lat' dir='ltr'><strong>cum</strong></span> <span class='ocrx_word' id='word_1_72' title='bbox 494 992 546 1020; x_wconf 89' lang='lat' dir='ltr'><strong>eo</strong></span> <span class='ocrx_word' id='word_1_73' title='bbox 571 978 868 1032; x_wconf 86' lang='lat' dir='ltr'><strong>Deiphobum,</strong></span> <span class='ocrx_word' id='word_1_74' title='bbox 889 979 1096 1027; x_wconf 89' lang='lat' dir='ltr'><strong>AEneam,</strong></span> <span class='ocrx_word' id='word_1_75' title='bbox 1129 978 1529 1031; x_wconf 79' lang='lat' dir='ltr'><strong>Polydamantem.t</strong></span> <span class='ocrx_word' id='word_1_76' title='bbox 1585 978 1673 1019; x_wconf 88' lang='lat' dir='ltr'><strong>Im·</strong></span> 
     </span>
     <span class='ocr_line' id='line_1_11' title="bbox 221 1045 1675 1100; baseline -0.001 -13"><span class='ocrx_word' id='word_1_77' title='bbox 221 1049 433 1100; x_wconf 81' lang='lat' dir='ltr'><strong>petatque</strong></span> <span class='ocrx_word' id='word_1_78' title='bbox 454 1045 727 1095; x_wconf 89' lang='lat' dir='ltr'><strong>Alexandro,</strong></span> <span class='ocrx_word' id='word_1_79' title='bbox 758 1049 810 1086; x_wconf 88' lang='lat' dir='ltr'><strong>ut</strong></span> <span class='ocrx_word' id='word_1_80' title='bbox 841 1045 1031 1098; x_wconf 85' lang='lat' dir='ltr'><strong>primum</strong></span> <span class='ocrx_word' id='word_1_81' title='bbox 1062 1045 1270 1099; x_wconf 85' lang='lat' dir='ltr'><strong>Spartam</strong></span> <span class='ocrx_word' id='word_1_82' title='bbox 1290 1045 1492 1095; x_wconf 85' lang='lat' dir='ltr'><strong>accedat,</strong></span> <span class='ocrx_word' id='word_1_83' title='bbox 1515 1045 1675 1087; x_wconf 90' lang='lat' dir='ltr'><strong>Casto-</strong></span> 
     </span>
     <span class='ocr_line' id='line_1_12' title="bbox 221 1112 1675 1164; baseline -0.001 -9"><span class='ocrx_word' id='word_1_84' title='bbox 221 1126 312 1154; x_wconf 90' lang='lat' dir='ltr'><strong>rem</strong></span> <span class='ocrx_word' id='word_1_85' title='bbox 334 1117 376 1155; x_wconf 89' lang='lat' dir='ltr'><strong>et</strong></span> <span class='ocrx_word' id='word_1_86' title='bbox 397 1113 624 1154; x_wconf 91' lang='lat' dir='ltr'><strong>Pollucem</strong></span> <span class='ocrx_word' id='word_1_87' title='bbox 643 1113 892 1162; x_wconf 87' lang='lat' dir='ltr'><strong>conveniat,</strong></span> <span class='ocrx_word' id='word_1_88' title='bbox 915 1117 960 1153; x_wconf 87' lang='lat' dir='ltr'><strong>et</strong></span> <span class='ocrx_word' id='word_1_89' title='bbox 980 1113 1035 1152; x_wconf 91' lang='lat' dir='ltr'><strong>ab</strong></span> <span class='ocrx_word' id='word_1_90' title='bbox 1056 1112 1125 1152; x_wconf 91' lang='lat' dir='ltr'><strong>his</strong></span> <span class='ocrx_word' id='word_1_91' title='bbox 1149 1117 1290 1164; x_wconf 88' lang='lat' dir='ltr'><strong>petat,</strong></span> <span class='ocrx_word' id='word_1_92' title='bbox 1307 1117 1356 1153; x_wconf 93' lang='lat' dir='ltr'><strong>ut</strong></span> <span class='ocrx_word' id='word_1_93' title='bbox 1376 1112 1581 1153; x_wconf 83' lang='lat' dir='ltr'><strong>Hesiona</strong></span> <span class='ocrx_word' id='word_1_94' title='bbox 1601 1126 1675 1154; x_wconf 90' lang='lat' dir='ltr'><strong>so-</strong></span> 
     </span>
     <span class='ocr_line' id='line_1_13' title="bbox 222 1177 1676 1234; baseline -0.001 -14"><span class='ocrx_word' id='word_1_95' title='bbox 222 1192 294 1220; x_wconf 85' lang='lat' dir='ltr'><strong>ror</strong></span> <span class='ocrx_word' id='word_1_96' title='bbox 314 1180 409 1234; x_wconf 90' lang='lat' dir='ltr'><strong>ejus</strong></span> <span class='ocrx_word' id='word_1_97' title='bbox 431 1179 648 1229; x_wconf 87' lang='lat' dir='ltr'><strong>reddatur,</strong></span> <span class='ocrx_word' id='word_1_98' title='bbox 669 1184 714 1220; x_wconf 93' lang='lat' dir='ltr'><strong>et</strong></span> <span class='ocrx_word' id='word_1_99' title='bbox 749 1179 858 1219; x_wconf 90' lang='lat' dir='ltr'><strong>satis</strong></span> <span class='ocrx_word' id='word_1_100' title='bbox 887 1177 1098 1231; x_wconf 69' lang='lat' dir='ltr'><strong>&#39;trojanis</strong></span> <span class='ocrx_word' id='word_1_101' title='bbox 1133 1179 1221 1219; x_wconf 84' lang='lat' dir='ltr'><strong>fiat.</strong></span> <span class='ocrx_word' id='word_1_102' title='bbox 1283 1178 1419 1228; x_wconf 81' lang='lat' dir='ltr'><strong>Quod</strong></span> <span class='ocrx_word' id='word_1_103' title='bbox 1451 1179 1490 1219; x_wconf 88' lang='lat' dir='ltr'><strong>si</strong></span> <span class='ocrx_word' id='word_1_104' title='bbox 1518 1191 1676 1231; x_wconf 86' lang='lat' dir='ltr'><strong>negas-</strong></span> 
     </span>
     <span class='ocr_line' id='line_1_14' title="bbox 224 1245 1677 1297; baseline -0.001 -9"><span class='ocrx_word' id='word_1_105' title='bbox 224 1251 334 1296; x_wconf 86' lang='lat' dir='ltr'><strong>sent,</strong></span> <span class='ocrx_word' id='word_1_106' title='bbox 355 1247 562 1288; x_wconf 91' lang='lat' dir='ltr'><strong>continuo</strong></span> <span class='ocrx_word' id='word_1_107' title='bbox 582 1247 640 1287; x_wconf 88' lang='lat' dir='ltr'><strong>ad</strong></span> <span class='ocrx_word' id='word_1_108' title='bbox 661 1259 708 1287; x_wconf 88' lang='lat' dir='ltr'><strong>se</strong></span> <span class='ocrx_word' id='word_1_109' title='bbox 728 1247 926 1286; x_wconf 90' lang='lat' dir='ltr'><strong>nuntium</strong></span> <span class='ocrx_word' id='word_1_110' title='bbox 949 1246 1121 1297; x_wconf 85' lang='lat' dir='ltr'><strong>dirigat,</strong></span> <span class='ocrx_word' id='word_1_111' title='bbox 1149 1251 1199 1286; x_wconf 92' lang='lat' dir='ltr'><strong>ut</strong></span> <span class='ocrx_word' id='word_1_112' title='bbox 1220 1247 1461 1286; x_wconf 83' lang='lat' dir='ltr'><strong>exercitum</strong></span> <span class='ocrx_word' id='word_1_113' title='bbox 1482 1245 1527 1285; x_wconf 91' lang='lat' dir='ltr'><strong>in</strong></span> <span class='ocrx_word' id='word_1_114' title='bbox 1549 1245 1677 1288; x_wconf 86' lang='lat' dir='ltr'><strong>Grae-</strong></span> 
     </span>
     <span class='ocr_line' id='line_1_15' title="bbox 226 1311 1678 1368; baseline 0 -14"><span class='ocrx_word' id='word_1_115' title='bbox 226 1314 341 1354; x_wconf 89' lang='lat' dir='ltr'><strong>ciam</strong></span> <span class='ocrx_word' id='word_1_116' title='bbox 382 1313 527 1368; x_wconf 88' lang='lat' dir='ltr'><strong>possit</strong></span> <span class='ocrx_word' id='word_1_117' title='bbox 565 1313 751 1354; x_wconf 86' lang='lat' dir='ltr'><strong>mittere.</strong></span> <span class='ocrx_word' id='word_1_118' title='bbox 829 1312 1037 1354; x_wconf 85' lang='lat' dir='ltr'><strong>Posthaec</strong></span> <span class='ocrx_word' id='word_1_119' title='bbox 1073 1311 1330 1353; x_wconf 85' lang='lat' dir='ltr'><strong>Alexander</strong></span> <span class='ocrx_word' id='word_1_120' title='bbox 1367 1313 1413 1352; x_wconf 92' lang='lat' dir='ltr'><strong>in</strong></span> <span class='ocrx_word' id='word_1_121' title='bbox 1452 1311 1678 1355; x_wconf 83' lang='lat' dir='ltr'><strong>Graeciam</strong></span> 
     </span>
     <span class='ocr_line' id='line_1_16' title="bbox 226 1377 1679 1433; baseline 0 -13"><span class='ocrx_word' id='word_1_122' title='bbox 226 1380 466 1432; x_wconf 88' lang='lat' dir='ltr'><strong>navigavit,</strong></span> <span class='ocrx_word' id='word_1_123' title='bbox 488 1379 680 1420; x_wconf 92' lang='lat' dir='ltr'><strong>adducto</strong></span> <span class='ocrx_word' id='word_1_124' title='bbox 702 1392 849 1420; x_wconf 91' lang='lat' dir='ltr'><strong>secum</strong></span> <span class='ocrx_word' id='word_1_125' title='bbox 874 1379 989 1420; x_wconf 91' lang='lat' dir='ltr'><strong>duce</strong></span> <span class='ocrx_word' id='word_1_126' title='bbox 1018 1392 1073 1420; x_wconf 92' lang='lat' dir='ltr'><strong>eo</strong></span> <span class='ocrx_word' id='word_1_127' title='bbox 1095 1378 1172 1433; x_wconf 90' lang='lat' dir='ltr'><strong>qui</strong></span> <span class='ocrx_word' id='word_1_128' title='bbox 1204 1392 1303 1420; x_wconf 93' lang='lat' dir='ltr'><strong>cum</strong></span> <span class='ocrx_word' id='word_1_129' title='bbox 1334 1377 1559 1420; x_wconf 86' lang='lat' dir='ltr'><strong>Antenore</strong></span> <span class='ocrx_word' id='word_1_130' title='bbox 1581 1379 1679 1433; x_wconf 89' lang='lat' dir='ltr'><strong>jam</strong></span> 
     </span>
     <span class='ocr_line' id='line_1_17' title="bbox 225 1444 1679 1499; baseline -0.001 -11"><span class='ocrx_word' id='word_1_131' title='bbox 225 1447 544 1499; x_wconf 77' lang='lat' dir='ltr'><strong>navigaverat.¹¹</strong></span> <span class='ocrx_word' id='word_1_132' title='bbox 604 1446 711 1486; x_wconf 91' lang='lat' dir='ltr'><strong>Non</strong></span> <span class='ocrx_word' id='word_1_133' title='bbox 741 1446 900 1487; x_wconf 88' lang='lat' dir='ltr'><strong>multos</strong></span> <span class='ocrx_word' id='word_1_134' title='bbox 928 1451 1032 1487; x_wconf 85' lang='lat' dir='ltr'><strong>ante</strong></span> <span class='ocrx_word' id='word_1_135' title='bbox 1056 1445 1167 1495; x_wconf 87' lang='lat' dir='ltr'><strong>dies,</strong></span> <span class='ocrx_word' id='word_1_136' title='bbox 1190 1459 1324 1499; x_wconf 90' lang='lat' dir='ltr'><strong>quam</strong></span> <span class='ocrx_word' id='word_1_137' title='bbox 1354 1444 1607 1487; x_wconf 85' lang='lat' dir='ltr'><strong>Alexander</strong></span> <span class='ocrx_word' id='word_1_138' title='bbox 1635 1447 1679 1487; x_wconf 92' lang='lat' dir='ltr'><strong>in</strong></span> 
     </span>
     <span class='ocr_line' id='line_1_18' title="bbox 228 1511 1681 1566; baseline -0.001 -11"><span class='ocrx_word' id='word_1_139' title='bbox 228 1512 455 1555; x_wconf 84' lang='lat' dir='ltr'><strong>Graeciam</strong></span> <span class='ocrx_word' id='word_1_140' title='bbox 493 1513 730 1566; x_wconf 88' lang='lat' dir='ltr'><strong>navigavit,</strong></span> <span class='ocrx_word' id='word_1_141' title='bbox 765 1517 808 1553; x_wconf 93' lang='lat' dir='ltr'><strong>et</strong></span> <span class='ocrx_word' id='word_1_142' title='bbox 834 1517 1067 1566; x_wconf 89' lang='lat' dir='ltr'><strong>antequam</strong></span> <span class='ocrx_word' id='word_1_143' title='bbox 1099 1513 1142 1553; x_wconf 93' lang='lat' dir='ltr'><strong>in</strong></span> <span class='ocrx_word' id='word_1_144' title='bbox 1174 1512 1365 1553; x_wconf 88' lang='lat' dir='ltr'><strong>insulam</strong></span> <span class='ocrx_word' id='word_1_145' title='bbox 1387 1511 1681 1566; x_wconf 80' lang='lat' dir='ltr'><strong>CythereamV</strong></span> 
     </span>
     <span class='ocr_line' id='line_1_19' title="bbox 228 1579 1681 1634; baseline -0.001 -12"><span class='ocrx_word' id='word_1_146' title='bbox 228 1581 474 1630; x_wconf 88' lang='lat' dir='ltr'><strong>accederet,</strong></span> <span class='ocrx_word' id='word_1_147' title='bbox 492 1579 723 1621; x_wconf 86' lang='lat' dir='ltr'><strong>Menelaus</strong></span> <span class='ocrx_word' id='word_1_148' title='bbox 743 1593 821 1621; x_wconf 84' lang='lat' dir='ltr'><strong>rex</strong></span> <span class='ocrx_word' id='word_1_149' title='bbox 835 1581 892 1621; x_wconf 89' lang='lat' dir='ltr'><strong>ad</strong></span> <span class='ocrx_word' id='word_1_150' title='bbox 911 1580 1149 1622; x_wconf 83' lang='lat' dir='ltr'><strong>Nestorem</strong></span> <span class='ocrx_word' id='word_1_151' title='bbox 1167 1580 1328 1634; x_wconf 86' lang='lat' dir='ltr'><strong>Pylum</strong></span> <span class='ocrx_word' id='word_1_152' title='bbox 1352 1579 1681 1633; x_wconf 79' lang='lat' dir='ltr'><strong>proficiscens,W</strong></span> 
     </span>
    </p>
   </div>
   <div class='ocr_carea' id='block_1_3' title="bbox 885 1723 1029 1755">
    <p class='ocr_par' dir='ltr' id='par_1_3' title="bbox 885 1723 1029 1755">
     <span class='ocr_line' id='line_1_20' title="bbox 885 1723 1029 1755; baseline 0 0"><span class='ocrx_word' id='word_1_153' title='bbox 885 1723 1029 1755; x_wconf 84' lang='lat' dir='ltr'><strong>NOTAE</strong></span> 
     </span>
    </p>
   </div>
   <div class='ocr_carea' id='block_1_4' title="bbox 273 1797 928 1840">
    <p class='ocr_par' dir='ltr' id='par_1_4' title="bbox 273 1797 928 1840">
     <span class='ocr_line' id='line_1_21' title="bbox 273 1797 928 1840; baseline 0 -11"><span class='ocrx_word' id='word_1_154' title='bbox 273 1803 285 1818; x_wconf 76' lang='lat'>⁸</span> <span class='ocrx_word' id='word_1_155' title='bbox 309 1797 348 1829; x_wconf 84' lang='lat' dir='ltr'><strong>In</strong></span> <span class='ocrx_word' id='word_1_156' title='bbox 361 1799 549 1839; x_wconf 75' lang='lat' dir='ltr'><strong>superiorem</strong></span> <span class='ocrx_word' id='word_1_157' title='bbox 565 1797 755 1840; x_wconf 78' lang='lat' dir='ltr'><strong>Phrygiam]</strong></span> <span class='ocrx_word' id='word_1_158' title='bbox 789 1799 928 1839; x_wconf 85' lang='lat' dir='ltr'><strong>Duplex</strong></span> 
     </span>
    </p>
   </div>
   <div class='ocr_carea' id='block_1_5' title="bbox 233 1794 1684 1890">
    <p class='ocr_par' dir='ltr' id='par_1_5' title="bbox 233 1794 1684 1890">
     <span class='ocr_line' id='line_1_22' title="bbox 984 1794 1684 1839; baseline -0.006 -10"><span class='ocrx_word' id='word_1_159' title='bbox 984 1807 1049 1839; x_wconf 86' lang='lat' dir='ltr'><strong>qne</strong></span> <span class='ocrx_word' id='word_1_160' title='bbox 1071 1796 1245 1839; x_wconf 63' lang='lat' dir='ltr'><strong>Cythera!</strong></span> <span class='ocrx_word' id='word_1_161' title='bbox 1291 1797 1353 1827; x_wconf 83' lang='lat' dir='ltr'><strong>Est</strong></span> <span class='ocrx_word' id='word_1_162' title='bbox 1374 1795 1602 1835; x_wconf 79' lang='lat' dir='ltr'><strong>autemjuxta</strong></span> <span class='ocrx_word' id='word_1_163' title='bbox 1618 1794 1684 1826; x_wconf 88' lang='lat' dir='ltr'><strong>Pe-</strong></span> 
     </span>
     <span class='ocr_line' id='line_1_23' title="bbox 233 1847 929 1890; baseline 0.001 -11"><span class='ocrx_word' id='word_1_164' title='bbox 233 1847 299 1880; x_wconf 84' lang='lat' dir='ltr'><strong>fnit</strong></span> <span class='ocrx_word' id='word_1_165' title='bbox 322 1849 485 1890; x_wconf 87' lang='lat' dir='ltr'><strong>Phrygia,</strong></span> <span class='ocrx_word' id='word_1_166' title='bbox 508 1849 615 1890; x_wconf 88' lang='lat' dir='ltr'><strong>major</strong></span> <span class='ocrx_word' id='word_1_167' title='bbox 643 1854 679 1880; x_wconf 91' lang='lat' dir='ltr'><strong>et</strong></span> <span class='ocrx_word' id='word_1_168' title='bbox 709 1849 830 1885; x_wconf 85' lang='lat' dir='ltr'><strong>minor,</strong></span> <span class='ocrx_word' id='word_1_169' title='bbox 857 1849 929 1881; x_wconf 84' lang='lat' dir='ltr'><strong>sive</strong></span> 
     </span>
    </p>
   </div>
   <div class='ocr_carea' id='block_1_6' title="bbox 983 1847 1688 1889">
    <p class='ocr_par' dir='ltr' id='par_1_6' title="bbox 983 1847 1688 1889">
     <span class='ocr_line' id='line_1_24' title="bbox 983 1847 1688 1889; baseline -0.007 -9"><span class='ocrx_word' id='word_1_170' title='bbox 983 1849 1216 1889; x_wconf 86' lang='lat' dir='ltr'><strong>loponnesum,</strong></span> <span class='ocrx_word' id='word_1_171' title='bbox 1231 1847 1319 1878; x_wconf 86' lang='lat' dir='ltr'><strong>intra</strong></span> <span class='ocrx_word' id='word_1_172' title='bbox 1334 1847 1481 1877; x_wconf 85' lang='lat' dir='ltr'><strong>Maleam</strong></span> <span class='ocrx_word' id='word_1_173' title='bbox 1495 1850 1688 1886; x_wconf 88' lang='lat' dir='ltr'><strong>promonto-</strong></span> 
     </span>
    </p>
   </div>
   <div class='ocr_carea' id='block_1_7' title="bbox 231 1899 941 2941">
    <p class='ocr_par' dir='ltr' id='par_1_7' title="bbox 231 1899 936 2341">
     <span class='ocr_line' id='line_1_25' title="bbox 231 1899 928 1940; baseline 0.001 -11"><span class='ocrx_word' id='word_1_174' title='bbox 231 1907 352 1938; x_wconf 87' lang='lat' dir='ltr'><strong>magna</strong></span> <span class='ocrx_word' id='word_1_175' title='bbox 365 1903 401 1930; x_wconf 89' lang='lat' dir='ltr'><strong>et</strong></span> <span class='ocrx_word' id='word_1_176' title='bbox 417 1908 522 1939; x_wconf 88' lang='lat' dir='ltr'><strong>parva</strong></span> <span class='ocrx_word' id='word_1_177' title='bbox 536 1909 545 1938; x_wconf 91' lang='grc'>;</span> <span class='ocrx_word' id='word_1_178' title='bbox 569 1904 605 1931; x_wconf 87' lang='lat' dir='ltr'><strong>et</strong></span> <span class='ocrx_word' id='word_1_179' title='bbox 617 1899 672 1930; x_wconf 86' lang='lat' dir='ltr'><strong>illa</strong></span> <span class='ocrx_word' id='word_1_180' title='bbox 684 1899 821 1940; x_wconf 89' lang='lat' dir='ltr'><strong>quidem</strong></span> <span class='ocrx_word' id='word_1_181' title='bbox 834 1900 928 1940; x_wconf 82' lang='lat' dir='ltr'><strong>cujus</strong></span> 
     </span>
     <span class='ocr_line' id='line_1_26' title="bbox 231 1949 930 1990; baseline 0.004 -11"><span class='ocrx_word' id='word_1_182' title='bbox 231 1955 365 1989; x_wconf 85' lang='lat' dir='ltr'><strong>partem</strong></span> <span class='ocrx_word' id='word_1_183' title='bbox 391 1949 528 1981; x_wconf 81' lang='lat' dir='ltr'><strong>Gelatae</strong></span> <span class='ocrx_word' id='word_1_184' title='bbox 555 1954 833 1990; x_wconf 71' lang='lat' dir='ltr'><strong>occupaveruntz</strong></span> <span class='ocrx_word' id='word_1_185' title='bbox 857 1951 930 1982; x_wconf 89' lang='lat' dir='ltr'><strong>haec</strong></span> 
     </span>
     <span class='ocr_line' id='line_1_27' title="bbox 231 1999 931 2041; baseline 0.003 -11"><span class='ocrx_word' id='word_1_186' title='bbox 231 1999 275 2030; x_wconf 84' lang='lat' dir='ltr'><strong>ad</strong></span> <span class='ocrx_word' id='word_1_187' title='bbox 303 1999 563 2040; x_wconf 82' lang='lat' dir='ltr'><strong>Hellespontum</strong></span> <span class='ocrx_word' id='word_1_188' title='bbox 590 2000 669 2036; x_wconf 85' lang='lat' dir='ltr'><strong>sita,</strong></span> <span class='ocrx_word' id='word_1_189' title='bbox 694 2009 768 2041; x_wconf 81' lang='lat' dir='ltr'><strong>quae</strong></span> <span class='ocrx_word' id='word_1_190' title='bbox 795 2005 831 2031; x_wconf 87' lang='lat' dir='ltr'><strong>et</strong></span> <span class='ocrx_word' id='word_1_191' title='bbox 853 2000 931 2032; x_wconf 89' lang='lat' dir='ltr'><strong>ideo</strong></span> 
     </span>
     <span class='ocr_line' id='line_1_28' title="bbox 233 2049 933 2092; baseline 0.001 -11"><span class='ocrx_word' id='word_1_192' title='bbox 233 2049 518 2091; x_wconf 83' lang='lat' dir='ltr'><strong>Hellespontiaca</strong></span> <span class='ocrx_word' id='word_1_193' title='bbox 540 2050 632 2082; x_wconf 86' lang='lat' dir='ltr'><strong>dicta</strong></span> <span class='ocrx_word' id='word_1_194' title='bbox 654 2055 719 2090; x_wconf 87' lang='lat' dir='ltr'><strong>est,</strong></span> <span class='ocrx_word' id='word_1_195' title='bbox 734 2055 770 2082; x_wconf 90' lang='lat' dir='ltr'><strong>et</strong></span> <span class='ocrx_word' id='word_1_196' title='bbox 793 2051 933 2092; x_wconf 89' lang='lat' dir='ltr'><strong>Epicte—</strong></span> 
     </span>
     <span class='ocr_line' id='line_1_29' title="bbox 235 2100 935 2142; baseline 0.003 -12"><span class='ocrx_word' id='word_1_197' title='bbox 235 2104 302 2131; x_wconf 82' lang='lat' dir='ltr'><strong>tos.</strong></span> <span class='ocrx_word' id='word_1_198' title='bbox 344 2101 421 2133; x_wconf 88' lang='lat' dir='ltr'><strong>Jam</strong></span> <span class='ocrx_word' id='word_1_199' title='bbox 447 2110 514 2131; x_wconf 92' lang='lat' dir='ltr'><strong>non</strong></span> <span class='ocrx_word' id='word_1_200' title='bbox 540 2100 679 2131; x_wconf 86' lang='lat' dir='ltr'><strong>dubium</strong></span> <span class='ocrx_word' id='word_1_201' title='bbox 705 2110 780 2132; x_wconf 86' lang='lat' dir='ltr'><strong>esse</strong></span> <span class='ocrx_word' id='word_1_202' title='bbox 808 2106 935 2142; x_wconf 86' lang='lat' dir='ltr'><strong>potest,</strong></span> 
     </span>
     <span class='ocr_line' id='line_1_30' title="bbox 235 2150 934 2192; baseline 0.003 -12"><span class='ocrx_word' id='word_1_203' title='bbox 235 2150 314 2191; x_wconf 87' lang='lat' dir='ltr'><strong>quin</strong></span> <span class='ocrx_word' id='word_1_204' title='bbox 338 2150 393 2182; x_wconf 88' lang='lat' dir='ltr'><strong>hic</strong></span> <span class='ocrx_word' id='word_1_205' title='bbox 416 2159 478 2191; x_wconf 87' lang='lat' dir='ltr'><strong>per</strong></span> <span class='ocrx_word' id='word_1_206' title='bbox 501 2151 711 2191; x_wconf 89' lang='lat' dir='ltr'><strong>superiorem</strong></span> <span class='ocrx_word' id='word_1_207' title='bbox 737 2151 934 2192; x_wconf 81' lang='lat' dir='ltr'><strong>Phrygiam,</strong></span> 
     </span>
     <span class='ocr_line' id='line_1_31' title="bbox 234 2199 936 2240; baseline 0.001 -10"><span class='ocrx_word' id='word_1_208' title='bbox 234 2199 411 2240; x_wconf 81' lang='lat' dir='ltr'><strong>minorem,</strong></span> <span class='ocrx_word' id='word_1_209' title='bbox 435 2209 494 2231; x_wconf 87' lang='lat' dir='ltr'><strong>seu</strong></span> <span class='ocrx_word' id='word_1_210' title='bbox 521 2209 674 2240; x_wconf 89' lang='lat' dir='ltr'><strong>parvam,</strong></span> <span class='ocrx_word' id='word_1_211' title='bbox 702 2200 936 2240; x_wconf 85' lang='lat' dir='ltr'><strong>intellexerit;</strong></span> 
     </span>
     <span class='ocr_line' id='line_1_32' title="bbox 235 2249 935 2292; baseline 0.003 -12"><span class='ocrx_word' id='word_1_212' title='bbox 235 2259 312 2281; x_wconf 90' lang='lat' dir='ltr'><strong>nam</strong></span> <span class='ocrx_word' id='word_1_213' title='bbox 336 2253 372 2281; x_wconf 88' lang='lat' dir='ltr'><strong>et</strong></span> <span class='ocrx_word' id='word_1_214' title='bbox 393 2249 564 2282; x_wconf 83' lang='lat' dir='ltr'><strong>Aristides</strong></span> <span class='ocrx_word' id='word_1_215' title='bbox 587 2260 725 2292; x_wconf 86' lang='lat' dir='ltr'><strong>parvam</strong></span> <span class='ocrx_word' id='word_1_216' title='bbox 749 2251 935 2292; x_wconf 86' lang='lat' dir='ltr'><strong>Phrygiam</strong></span> 
     </span>
     <span class='ocr_line' id='line_1_33' title="bbox 235 2302 605 2341; baseline 0.003 -10"><span class='ocrx_word' id='word_1_217' title='bbox 235 2302 443 2341; x_wconf 83' lang='lat' dir='ltr'><strong>superiorem</strong></span> <span class='ocrx_word' id='word_1_218' title='bbox 458 2302 605 2332; x_wconf 83' lang='lat' dir='ltr'><strong>vocavit.</strong></span> 
     </span>
    </p>

    <p class='ocr_par' dir='ltr' id='par_1_8' title="bbox 236 2350 938 2583">
     <span class='ocr_line' id='line_1_34' title="bbox 280 2350 937 2392; baseline 0.002 -11"><span class='ocrx_word' id='word_1_219' title='bbox 280 2352 290 2370; x_wconf 70' lang='lat'><em>²</em></span> <span class='ocrx_word' id='word_1_220' title='bbox 319 2350 525 2391; x_wconf 83' lang='lat' dir='ltr'><strong>Deiphobum,</strong></span> <span class='ocrx_word' id='word_1_221' title='bbox 555 2352 698 2390; x_wconf 81' lang='lat' dir='ltr'><strong>AEneam,</strong></span> <span class='ocrx_word' id='word_1_222' title='bbox 727 2351 937 2392; x_wconf 82' lang='lat' dir='ltr'><strong>Polydaman-</strong></span> 
     </span>
     <span class='ocr_line' id='line_1_35' title="bbox 237 2400 936 2442; baseline 0.003 -11"><span class='ocrx_word' id='word_1_223' title='bbox 237 2400 316 2441; x_wconf 83' lang='lat' dir='ltr'><strong>tem]</strong></span> <span class='ocrx_word' id='word_1_224' title='bbox 364 2400 451 2432; x_wconf 86' lang='lat' dir='ltr'><strong>Inde</strong></span> <span class='ocrx_word' id='word_1_225' title='bbox 481 2401 569 2441; x_wconf 86' lang='lat' dir='ltr'><strong>apud</strong></span> <span class='ocrx_word' id='word_1_226' title='bbox 602 2401 744 2442; x_wconf 91' lang='lat' dir='ltr'><strong>Dictyn,</strong></span> <span class='ocrx_word' id='word_1_227' title='bbox 771 2411 797 2433; x_wconf 82' lang='lat'><strong>1.</strong></span> <span class='ocrx_word' id='word_1_228' title='bbox 827 2401 936 2437; x_wconf 89' lang='lat' dir='ltr'><strong>initio,</strong></span> 
     </span>
     <span class='ocr_line' id='line_1_36' title="bbox 236 2451 936 2494; baseline 0.001 -12"><span class='ocrx_word' id='word_1_229' title='bbox 236 2453 246 2468; x_wconf 90' lang='lat'>‘</span> <span class='ocrx_word' id='word_1_230' title='bbox 260 2460 336 2483; x_wconf 91' lang='lat' dir='ltr'><strong>cum</strong></span> <span class='ocrx_word' id='word_1_231' title='bbox 354 2451 461 2484; x_wconf 84' lang='lat' dir='ltr'><strong>AEnea</strong></span> <span class='ocrx_word' id='word_1_232' title='bbox 476 2452 614 2494; x_wconf 88' lang='lat' dir='ltr'><strong>aliisque</strong></span> <span class='ocrx_word' id='word_1_233' title='bbox 633 2462 677 2484; x_wconf 88' lang='lat' dir='ltr'><strong>ex</strong></span> <span class='ocrx_word' id='word_1_234' title='bbox 700 2452 936 2492; x_wconf 78' lang='lat' dir='ltr'><strong>consanguini-</strong></span> 
     </span>
     <span class='ocr_line' id='line_1_37' title="bbox 240 2502 938 2544; baseline 0.001 -12"><span class='ocrx_word' id='word_1_235' title='bbox 240 2506 312 2533; x_wconf 82' lang='lat' dir='ltr'><strong>tate</strong></span> <span class='ocrx_word' id='word_1_236' title='bbox 335 2502 557 2544; x_wconf 53' lang='lat' dir='ltr'><strong>propinquis?</strong></span> <span class='ocrx_word' id='word_1_237' title='bbox 601 2503 669 2534; x_wconf 89' lang='lat' dir='ltr'><strong>Ubi</strong></span> <span class='ocrx_word' id='word_1_238' title='bbox 691 2503 768 2535; x_wconf 90' lang='lat' dir='ltr'><strong>vide</strong></span> <span class='ocrx_word' id='word_1_239' title='bbox 795 2507 938 2534; x_wconf 87' lang='lat' dir='ltr'><strong>annota-</strong></span> 
     </span>
     <span class='ocr_line' id='line_1_38' title="bbox 238 2556 287 2583; baseline 0 0"><span class='ocrx_word' id='word_1_240' title='bbox 238 2556 287 2583; x_wconf 85' lang='lat' dir='ltr'><strong>ta.</strong></span> 
     </span>
    </p>

    <p class='ocr_par' dir='ltr' id='par_1_9' title="bbox 239 2601 940 2733">
     <span class='ocr_line' id='line_1_39' title="bbox 283 2601 940 2643; baseline 0 -11"><span class='ocrx_word' id='word_1_241' title='bbox 283 2606 297 2621; x_wconf 84' lang='lat'><strong>¹¹</strong></span> <span class='ocrx_word' id='word_1_242' title='bbox 312 2602 403 2634; x_wconf 82' lang='lat' dir='ltr'><strong>Duce</strong></span> <span class='ocrx_word' id='word_1_243' title='bbox 417 2612 451 2633; x_wconf 89' lang='lat' dir='ltr'><strong>eo</strong></span> <span class='ocrx_word' id='word_1_244' title='bbox 463 2603 597 2643; x_wconf 76' lang='lat' dir='ltr'><strong>quicum</strong></span> <span class='ocrx_word' id='word_1_245' title='bbox 606 2602 762 2634; x_wconf 80' lang='lat' dir='ltr'><strong>Antenore</strong></span> <span class='ocrx_word' id='word_1_246' title='bbox 769 2602 838 2642; x_wconf 78' lang='lat' dir='ltr'><strong>jam</strong></span> <span class='ocrx_word' id='word_1_247' title='bbox 851 2601 940 2633; x_wconf 84' lang='lat' dir='ltr'><strong>navi-</strong></span> 
     </span>
     <span class='ocr_line' id='line_1_40' title="bbox 239 2651 940 2692; baseline 0 -10"><span class='ocrx_word' id='word_1_248' title='bbox 239 2651 385 2692; x_wconf 77' lang='lat' dir='ltr'><strong>gavemt]</strong></span> <span class='ocrx_word' id='word_1_249' title='bbox 416 2652 482 2683; x_wconf 86' lang='lat' dir='ltr'><strong>Sed</strong></span> <span class='ocrx_word' id='word_1_250' title='bbox 500 2652 624 2683; x_wconf 85' lang='lat' dir='ltr'><strong>nullam</strong></span> <span class='ocrx_word' id='word_1_251' title='bbox 641 2652 712 2692; x_wconf 81' lang='lat' dir='ltr'><strong>ejus</strong></span> <span class='ocrx_word' id='word_1_252' title='bbox 728 2651 823 2683; x_wconf 89' lang='lat' dir='ltr'><strong>ducis</strong></span> <span class='ocrx_word' id='word_1_253' title='bbox 839 2656 940 2682; x_wconf 85' lang='lat' dir='ltr'><strong>antea</strong></span> 
     </span>
     <span class='ocr_line' id='line_1_41' title="bbox 240 2701 556 2733; baseline 0.006 -2"><span class='ocrx_word' id='word_1_254' title='bbox 240 2701 446 2732; x_wconf 88' lang='lat' dir='ltr'><strong>mentionem</strong></span> <span class='ocrx_word' id='word_1_255' title='bbox 461 2701 556 2733; x_wconf 86' lang='lat' dir='ltr'><strong>fecit.</strong></span> 
     </span>
    </p>

    <p class='ocr_par' dir='ltr' id='par_1_10' title="bbox 244 2749 941 2893">
     <span class='ocr_line' id='line_1_42' title="bbox 285 2749 941 2793; baseline 0.003 -13"><span class='ocrx_word' id='word_1_256' title='bbox 285 2752 300 2767; x_wconf 79' lang='lat' dir='ltr'>v</span> <span class='ocrx_word' id='word_1_257' title='bbox 322 2749 362 2780; x_wconf 82' lang='lat' dir='ltr'><strong>In</strong></span> <span class='ocrx_word' id='word_1_258' title='bbox 386 2750 520 2782; x_wconf 74' lang='lat' dir='ltr'><strong>insulam</strong></span> <span class='ocrx_word' id='word_1_259' title='bbox 550 2751 750 2793; x_wconf 80' lang='lat' dir='ltr'><strong>Cytheream]</strong></span> <span class='ocrx_word' id='word_1_260' title='bbox 791 2751 941 2793; x_wconf 84' lang='lat' dir='ltr'><strong>Cythera</strong></span> 
     </span>
     <span class='ocr_line' id='line_1_43' title="bbox 244 2796 941 2842; baseline 0.006 -15"><span class='ocrx_word' id='word_1_261' title='bbox 244 2796 370 2829; x_wconf 86' lang='lat' dir='ltr'><strong>dicitur</strong></span> <span class='ocrx_word' id='word_1_262' title='bbox 385 2799 498 2832; x_wconf 89' lang='lat' dir='ltr'><strong>Strab.</strong></span> <span class='ocrx_word' id='word_1_263' title='bbox 516 2810 599 2832; x_wconf 79' lang='lat' dir='ltr'><strong>vni.</strong></span> <span class='ocrx_word' id='word_1_264' title='bbox 612 2808 647 2832; x_wconf 90' lang='lat' dir='ltr'><strong>et</strong></span> <span class='ocrx_word' id='word_1_265' title='bbox 660 2802 781 2842; x_wconf 81' lang='lat' dir='ltr'><strong>virgil.</strong></span> <span class='ocrx_word' id='word_1_266' title='bbox 797 2811 833 2833; x_wconf 84' lang='lat' dir='ltr'><strong>x.</strong></span> <span class='ocrx_word' id='word_1_267' title='bbox 856 2804 865 2819; x_wconf 88' lang='lat'>‘</span> <span class='ocrx_word' id='word_1_268' title='bbox 878 2802 941 2832; x_wconf 85' lang='lat' dir='ltr'><strong>Est</strong></span> 
     </span>
     <span class='ocr_line' id='line_1_44' title="bbox 245 2847 940 2893; baseline 0.006 -15"><span class='ocrx_word' id='word_1_269' title='bbox 245 2847 425 2887; x_wconf 79' lang='lat' dir='ltr'><strong>Amathus,</strong></span> <span class='ocrx_word' id='word_1_270' title='bbox 442 2854 494 2880; x_wconf 87' lang='lat' dir='ltr'><strong>est</strong></span> <span class='ocrx_word' id='word_1_271' title='bbox 513 2851 604 2882; x_wconf 84' lang='lat' dir='ltr'><strong>celsa</strong></span> <span class='ocrx_word' id='word_1_272' title='bbox 620 2852 699 2882; x_wconf 90' lang='lat' dir='ltr'><strong>mihi</strong></span> <span class='ocrx_word' id='word_1_273' title='bbox 721 2853 869 2893; x_wconf 76' lang='lat' dir='ltr'><strong>Paphos,</strong></span> <span class='ocrx_word' id='word_1_274' title='bbox 891 2856 940 2882; x_wconf 83' lang='lat' dir='ltr'><strong>at·</strong></span> 
     </span>
    </p>

    <p class='ocr_par' dir='ltr' id='par_1_11' title="bbox 290 2901 642 2941">
     <span class='ocr_line' id='line_1_45' title="bbox 290 2901 642 2941; baseline 0.009 -10"><span class='ocrx_word' id='word_1_275' title='bbox 290 2901 404 2941; x_wconf 79' lang='lat' dir='ltr'><strong>Delph.</strong></span> <span class='ocrx_word' id='word_1_276' title='bbox 417 2905 447 2933; x_wconf 72' lang='lat' dir='ltr'><strong>el</strong></span> <span class='ocrx_word' id='word_1_277' title='bbox 465 2902 540 2934; x_wconf 82' lang='lat' dir='ltr'><strong>Var.</strong></span> <span class='ocrx_word' id='word_1_278' title='bbox 559 2905 642 2935; x_wconf 73' lang='lat' dir='ltr'><strong>Clas.</strong></span> 
     </span>
    </p>
   </div>
   <div class='ocr_carea' id='block_1_8' title="bbox 984 1895 1694 2831">
    <p class='ocr_par' dir='ltr' id='par_1_12' title="bbox 984 1895 1688 2037">
     <span class='ocr_line' id='line_1_46' title="bbox 984 1895 1687 1936; baseline -0.009 -6"><span class='ocrx_word' id='word_1_279' title='bbox 984 1899 1068 1930; x_wconf 86' lang='lat' dir='ltr'><strong>rium</strong></span> <span class='ocrx_word' id='word_1_280' title='bbox 1087 1903 1122 1929; x_wconf 89' lang='lat' dir='ltr'><strong>et</strong></span> <span class='ocrx_word' id='word_1_281' title='bbox 1141 1898 1342 1929; x_wconf 86' lang='lat' dir='ltr'><strong>Laconicum</strong></span> <span class='ocrx_word' id='word_1_282' title='bbox 1357 1897 1486 1933; x_wconf 83' lang='lat' dir='ltr'><strong>sinum;</strong></span> <span class='ocrx_word' id='word_1_283' title='bbox 1508 1895 1518 1912; x_wconf 92' lang='lat'>‘</span> <span class='ocrx_word' id='word_1_284' title='bbox 1534 1895 1687 1936; x_wconf 85' lang='lat' dir='ltr'><strong>Porphy-</strong></span> 
     </span>
     <span class='ocr_line' id='line_1_47' title="bbox 985 1945 1688 1987; baseline -0.004 -8"><span class='ocrx_word' id='word_1_285' title='bbox 985 1949 1031 1979; x_wconf 86' lang='lat' dir='ltr'><strong>ris</strong></span> <span class='ocrx_word' id='word_1_286' title='bbox 1046 1947 1053 1961; x_wconf 88' lang='lat'><em>&#39;</em></span> <span class='ocrx_word' id='word_1_287' title='bbox 1071 1949 1197 1986; x_wconf 85' lang='lat' dir='ltr'><strong>Plinio,</strong></span> <span class='ocrx_word' id='word_1_288' title='bbox 1214 1949 1223 1966; x_wconf 89' lang='lat'><em>‘</em></span> <span class='ocrx_word' id='word_1_289' title='bbox 1236 1945 1476 1987; x_wconf 87' lang='lat' dir='ltr'><strong>Porphyrusa&#39;</strong></span> <span class='ocrx_word' id='word_1_290' title='bbox 1494 1946 1688 1985; x_wconf 84' lang='lat' dir='ltr'><strong>Eustathio,</strong></span> 
     </span>
     <span class='ocr_line' id='line_1_48' title="bbox 986 1997 1230 2037; baseline -0.012 -7"><span class='ocrx_word' id='word_1_291' title='bbox 986 1997 1086 2030; x_wconf 89' lang='lat' dir='ltr'><strong>hodie</strong></span> <span class='ocrx_word' id='word_1_292' title='bbox 1105 1999 1230 2037; x_wconf 81' lang='lat' dir='ltr'><strong>Cerigo.</strong></span> 
     </span>
    </p>

    <p class='ocr_par' dir='ltr' id='par_1_13' title="bbox 987 2046 1694 2831">
     <span class='ocr_line' id='line_1_49' title="bbox 1031 2046 1690 2088; baseline -0.006 -9"><span class='ocrx_word' id='word_1_293' title='bbox 1031 2053 1051 2067; x_wconf 74' lang='lat' dir='ltr'>w</span> <span class='ocrx_word' id='word_1_294' title='bbox 1073 2048 1126 2079; x_wconf 85' lang='lat' dir='ltr'><strong>Ad</strong></span> <span class='ocrx_word' id='word_1_295' title='bbox 1154 2049 1320 2079; x_wconf 82' lang='lat' dir='ltr'><strong>Nestorem</strong></span> <span class='ocrx_word' id='word_1_296' title='bbox 1342 2047 1459 2088; x_wconf 77' lang='lat' dir='ltr'><strong>Pylum</strong></span> <span class='ocrx_word' id='word_1_297' title='bbox 1480 2046 1690 2087; x_wconf 82' lang='lat' dir='ltr'><strong>proficiscens,</strong></span> 
     </span>
     <span class='ocr_line' id='line_1_50' title="bbox 987 2096 1688 2139; baseline -0.004 -11"><span class='ocrx_word' id='word_1_298' title='bbox 987 2098 1057 2139; x_wconf 54' lang='grc' dir='ltr'><strong>δῖα]</strong></span> <span class='ocrx_word' id='word_1_299' title='bbox 1076 2098 1160 2128; x_wconf 77' lang='lat' dir='ltr'><strong>Tres</strong></span> <span class='ocrx_word' id='word_1_300' title='bbox 1177 2097 1273 2128; x_wconf 83' lang='lat' dir='ltr'><strong>fuere</strong></span> <span class='ocrx_word' id='word_1_301' title='bbox 1288 2097 1366 2137; x_wconf 89' lang='lat' dir='ltr'><strong>Pyli</strong></span> <span class='ocrx_word' id='word_1_302' title='bbox 1385 2097 1417 2127; x_wconf 90' lang='lat' dir='ltr'><strong>in</strong></span> <span class='ocrx_word' id='word_1_303' title='bbox 1431 2096 1688 2136; x_wconf 83' lang='lat' dir='ltr'><strong>Peloponneso:</strong></span> 
     </span>
     <span class='ocr_line' id='line_1_51' title="bbox 988 2147 1690 2187; baseline -0.004 -8"><span class='ocrx_word' id='word_1_304' title='bbox 988 2159 1055 2180; x_wconf 82' lang='lat' dir='ltr'><strong>una</strong></span> <span class='ocrx_word' id='word_1_305' title='bbox 1072 2149 1104 2179; x_wconf 86' lang='lat' dir='ltr'><strong>iu</strong></span> <span class='ocrx_word' id='word_1_306' title='bbox 1122 2148 1233 2187; x_wconf 86' lang='lat' dir='ltr'><strong>Elide,</strong></span> <span class='ocrx_word' id='word_1_307' title='bbox 1247 2148 1288 2179; x_wconf 88' lang='lat' dir='ltr'><strong>ad</strong></span> <span class='ocrx_word' id='word_1_308' title='bbox 1304 2147 1443 2178; x_wconf 82' lang='lat' dir='ltr'><strong>fluvium</strong></span> <span class='ocrx_word' id='word_1_309' title='bbox 1457 2147 1664 2178; x_wconf 83' lang='lat' dir='ltr'><strong>Selleentem</strong></span> <span class='ocrx_word' id='word_1_310' title='bbox 1682 2156 1690 2183; x_wconf 91' lang='lat'>;</span> 
     </span>
     <span class='ocr_line' id='line_1_52' title="bbox 990 2196 1690 2238; baseline -0.004 -9"><span class='ocrx_word' id='word_1_311' title='bbox 990 2199 1055 2230; x_wconf 89' lang='lat' dir='ltr'><strong>alia</strong></span> <span class='ocrx_word' id='word_1_312' title='bbox 1082 2199 1114 2229; x_wconf 90' lang='lat' dir='ltr'><strong>in</strong></span> <span class='ocrx_word' id='word_1_313' title='bbox 1132 2198 1293 2237; x_wconf 80' lang='lat' dir='ltr'><strong>Arcadia,</strong></span> <span class='ocrx_word' id='word_1_314' title='bbox 1309 2198 1412 2238; x_wconf 83' lang='lat' dir='ltr'><strong>juxta</strong></span> <span class='ocrx_word' id='word_1_315' title='bbox 1432 2196 1570 2228; x_wconf 88' lang='lat' dir='ltr'><strong>fluvium</strong></span> <span class='ocrx_word' id='word_1_316' title='bbox 1591 2197 1690 2227; x_wconf 84' lang='lat' dir='ltr'><strong>Ama-</strong></span> 
     </span>
     <span class='ocr_line' id='line_1_53' title="bbox 991 2248 1690 2287; baseline -0.004 -7"><span class='ocrx_word' id='word_1_317' title='bbox 991 2249 1083 2281; x_wconf 87' lang='lat' dir='ltr'><strong>thum</strong></span> <span class='ocrx_word' id='word_1_318' title='bbox 1099 2259 1107 2287; x_wconf 89' lang='lat'>;</span> <span class='ocrx_word' id='word_1_319' title='bbox 1147 2249 1252 2279; x_wconf 84' lang='lat' dir='ltr'><strong>tertia</strong></span> <span class='ocrx_word' id='word_1_320' title='bbox 1283 2248 1316 2279; x_wconf 89' lang='lat' dir='ltr'><strong>in</strong></span> <span class='ocrx_word' id='word_1_321' title='bbox 1340 2248 1536 2286; x_wconf 79' lang='lat' dir='ltr'><strong>Messenia3</strong></span> <span class='ocrx_word' id='word_1_322' title='bbox 1573 2256 1690 2278; x_wconf 85' lang='lat' dir='ltr'><strong>omnes</strong></span> 
     </span>
     <span class='ocr_line' id='line_1_54' title="bbox 991 2296 1691 2331; baseline -0.006 0"><span class='ocrx_word' id='word_1_323' title='bbox 991 2300 1053 2331; x_wconf 84' lang='lat' dir='ltr'><strong>sibi</strong></span> <span class='ocrx_word' id='word_1_324' title='bbox 1072 2299 1251 2330; x_wconf 79' lang='lat' dir='ltr'><strong>Nestorem</strong></span> <span class='ocrx_word' id='word_1_325' title='bbox 1275 2298 1499 2329; x_wconf 83' lang='lat' dir='ltr'><strong>vindicantes.</strong></span> <span class='ocrx_word' id='word_1_326' title='bbox 1543 2296 1610 2328; x_wconf 90' lang='lat' dir='ltr'><strong>Sed</strong></span> <span class='ocrx_word' id='word_1_327' title='bbox 1638 2306 1691 2327; x_wconf 88' lang='lat' dir='ltr'><strong>se-</strong></span> 
     </span>
     <span class='ocr_line' id='line_1_55' title="bbox 991 2347 1693 2389; baseline -0.004 -8"><span class='ocrx_word' id='word_1_328' title='bbox 991 2352 1135 2382; x_wconf 85' lang='lat' dir='ltr'><strong>cundam</strong></span> <span class='ocrx_word' id='word_1_329' title='bbox 1155 2360 1267 2381; x_wconf 81' lang='lat' dir='ltr'><strong>veram</strong></span> <span class='ocrx_word' id='word_1_330' title='bbox 1290 2349 1445 2381; x_wconf 82' lang='lat' dir='ltr'><strong>Nestoris</strong></span> <span class='ocrx_word' id='word_1_331' title='bbox 1471 2349 1615 2389; x_wconf 87' lang='lat' dir='ltr'><strong>patriam</strong></span> <span class='ocrx_word' id='word_1_332' title='bbox 1642 2347 1693 2378; x_wconf 86' lang='lat' dir='ltr'><strong>fn-</strong></span> 
     </span>
     <span class='ocr_line' id='line_1_56' title="bbox 988 2399 1692 2440; baseline -0.003 -8"><span class='ocrx_word' id='word_1_333' title='bbox 988 2402 1054 2433; x_wconf 84' lang='lat' dir='ltr'><strong>isse</strong></span> <span class='ocrx_word' id='word_1_334' title='bbox 1071 2411 1112 2432; x_wconf 90' lang='lat' dir='ltr'><strong>ex</strong></span> <span class='ocrx_word' id='word_1_335' title='bbox 1138 2401 1288 2432; x_wconf 81' lang='lat' dir='ltr'><strong>Homero</strong></span> <span class='ocrx_word' id='word_1_336' title='bbox 1314 2399 1436 2440; x_wconf 81' lang='lat' dir='ltr'><strong>probat</strong></span> <span class='ocrx_word' id='word_1_337' title='bbox 1456 2399 1594 2437; x_wconf 87' lang='lat' dir='ltr'><strong>Strabo,</strong></span> <span class='ocrx_word' id='word_1_338' title='bbox 1609 2407 1692 2430; x_wconf 81' lang='lat' dir='ltr'><strong>vru.</strong></span> 
     </span>
     <span class='ocr_line' id='line_1_57' title="bbox 990 2448 1692 2482; baseline -0.006 0"><span class='ocrx_word' id='word_1_339' title='bbox 990 2451 1057 2482; x_wconf 88' lang='lat' dir='ltr'><strong>Hic</strong></span> <span class='ocrx_word' id='word_1_340' title='bbox 1073 2460 1154 2481; x_wconf 86' lang='lat' dir='ltr'><strong>vero</strong></span> <span class='ocrx_word' id='word_1_341' title='bbox 1170 2450 1277 2480; x_wconf 79' lang='lat' dir='ltr'><strong>Dares</strong></span> <span class='ocrx_word' id='word_1_342' title='bbox 1295 2449 1406 2479; x_wconf 84' lang='lat' dir='ltr'><strong>tertiae</strong></span> <span class='ocrx_word' id='word_1_343' title='bbox 1424 2449 1607 2480; x_wconf 87' lang='lat' dir='ltr'><strong>Nestorem</strong></span> <span class='ocrx_word' id='word_1_344' title='bbox 1622 2448 1692 2478; x_wconf 87' lang='lat' dir='ltr'><strong>vin-</strong></span> 
     </span>
     <span class='ocr_line' id='line_1_58' title="bbox 990 2498 1693 2538; baseline -0.004 -7"><span class='ocrx_word' id='word_1_345' title='bbox 990 2501 1104 2532; x_wconf 82' lang='lat' dir='ltr'><strong>dicare</strong></span> <span class='ocrx_word' id='word_1_346' title='bbox 1129 2499 1278 2538; x_wconf 84' lang='lat' dir='ltr'><strong>videtur,</strong></span> <span class='ocrx_word' id='word_1_347' title='bbox 1295 2508 1371 2529; x_wconf 88' lang='lat' dir='ltr'><strong>cnm</strong></span> <span class='ocrx_word' id='word_1_348' title='bbox 1397 2498 1457 2536; x_wconf 88' lang='lat' dir='ltr'><strong>ait,</strong></span> <span class='ocrx_word' id='word_1_349' title='bbox 1481 2498 1693 2536; x_wconf 83' lang='lat' dir='ltr'><strong>Menelaum,</strong></span> 
     </span>
     <span class='ocr_line' id='line_1_59' title="bbox 991 2547 1694 2588; baseline -0.004 -8"><span class='ocrx_word' id='word_1_350' title='bbox 991 2559 1033 2580; x_wconf 89' lang='lat' dir='ltr'><strong>ex</strong></span> <span class='ocrx_word' id='word_1_351' title='bbox 1048 2549 1172 2588; x_wconf 85' lang='lat' dir='ltr'><strong>Sparta</strong></span> <span class='ocrx_word' id='word_1_352' title='bbox 1185 2557 1245 2588; x_wconf 85' lang='lat' dir='ltr'><strong>per</strong></span> <span class='ocrx_word' id='word_1_353' title='bbox 1259 2557 1351 2579; x_wconf 87' lang='lat' dir='ltr'><strong>mare</strong></span> <span class='ocrx_word' id='word_1_354' title='bbox 1369 2548 1410 2578; x_wconf 91' lang='lat' dir='ltr'><strong>ad</strong></span> <span class='ocrx_word' id='word_1_355' title='bbox 1428 2547 1549 2588; x_wconf 80' lang='lat' dir='ltr'><strong>Pylum</strong></span> <span class='ocrx_word' id='word_1_356' title='bbox 1568 2547 1694 2577; x_wconf 82' lang='lat' dir='ltr'><strong>Nesto-</strong></span> 
     </span>
     <span class='ocr_line' id='line_1_60' title="bbox 993 2598 1693 2640; baseline -0.001 -10"><span class='ocrx_word' id='word_1_357' title='bbox 993 2599 1040 2630; x_wconf 88' lang='lat' dir='ltr'><strong>ris</strong></span> <span class='ocrx_word' id='word_1_358' title='bbox 1067 2598 1356 2640; x_wconf 87' lang='lat' dir='ltr'><strong>proficiscentem,</strong></span> <span class='ocrx_word' id='word_1_359' title='bbox 1386 2598 1478 2629; x_wconf 87' lang='lat' dir='ltr'><strong>circa</strong></span> <span class='ocrx_word' id='word_1_360' title='bbox 1509 2598 1693 2637; x_wconf 85' lang='lat' dir='ltr'><strong>Cytheram</strong></span> 
     </span>
     <span class='ocr_line' id='line_1_61' title="bbox 994 2649 1694 2689; baseline -0.003 -8"><span class='ocrx_word' id='word_1_361' title='bbox 994 2649 1112 2681; x_wconf 85' lang='lat' dir='ltr'><strong>Paridi</strong></span> <span class='ocrx_word' id='word_1_362' title='bbox 1129 2649 1328 2680; x_wconf 84' lang='lat' dir='ltr'><strong>occurrisse.</strong></span> <span class='ocrx_word' id='word_1_363' title='bbox 1375 2650 1497 2689; x_wconf 87' lang='lat' dir='ltr'><strong>Neque</strong></span> <span class='ocrx_word' id='word_1_364' title='bbox 1513 2649 1602 2680; x_wconf 89' lang='lat' dir='ltr'><strong>enim</strong></span> <span class='ocrx_word' id='word_1_365' title='bbox 1625 2649 1694 2679; x_wconf 85' lang='lat' dir='ltr'><strong>Da-</strong></span> 
     </span>
     <span class='ocr_line' id='line_1_62' title="bbox 995 2698 1694 2739; baseline -0.003 -8"><span class='ocrx_word' id='word_1_366' title='bbox 995 2709 1049 2731; x_wconf 83' lang='lat' dir='ltr'><strong>res</strong></span> <span class='ocrx_word' id='word_1_367' title='bbox 1079 2700 1274 2731; x_wconf 85' lang='lat' dir='ltr'><strong>Menelaum</strong></span> <span class='ocrx_word' id='word_1_368' title='bbox 1306 2699 1347 2729; x_wconf 88' lang='lat' dir='ltr'><strong>ad</strong></span> <span class='ocrx_word' id='word_1_369' title='bbox 1375 2700 1527 2736; x_wconf 80' lang='lat' dir='ltr'><strong>alteram,</strong></span> <span class='ocrx_word' id='word_1_370' title='bbox 1554 2708 1628 2739; x_wconf 78' lang='lat' dir='ltr'><strong>quae</strong></span> <span class='ocrx_word' id='word_1_371' title='bbox 1660 2698 1694 2729; x_wconf 87' lang='lat' dir='ltr'><strong>in</strong></span> 
     </span>
     <span class='ocr_line' id='line_1_63' title="bbox 995 2748 1693 2790; baseline -0.003 -10"><span class='ocrx_word' id='word_1_372' title='bbox 995 2749 1144 2781; x_wconf 83' lang='lat' dir='ltr'><strong>Arcadia</strong></span> <span class='ocrx_word' id='word_1_373' title='bbox 1156 2754 1240 2788; x_wconf 84' lang='lat' dir='ltr'><strong>erat,</strong></span> <span class='ocrx_word' id='word_1_374' title='bbox 1250 2758 1311 2790; x_wconf 89' lang='lat' dir='ltr'><strong>per</strong></span> <span class='ocrx_word' id='word_1_375' title='bbox 1328 2758 1420 2779; x_wconf 87' lang='lat' dir='ltr'><strong>mare</strong></span> <span class='ocrx_word' id='word_1_376' title='bbox 1435 2748 1604 2787; x_wconf 83' lang='lat' dir='ltr'><strong>duxisset,</strong></span> <span class='ocrx_word' id='word_1_377' title='bbox 1616 2757 1693 2779; x_wconf 89' lang='lat' dir='ltr'><strong>cum</strong></span> 
     </span>
     <span class='ocr_line' id='line_1_64' title="bbox 996 2797 1643 2831; baseline -0.003 0"><span class='ocrx_word' id='word_1_378' title='bbox 996 2799 1152 2831; x_wconf 82' lang='lat' dir='ltr'><strong>terrestri</strong></span> <span class='ocrx_word' id='word_1_379' title='bbox 1172 2800 1294 2831; x_wconf 85' lang='lat' dir='ltr'><strong>itinere</strong></span> <span class='ocrx_word' id='word_1_380' title='bbox 1310 2798 1364 2830; x_wconf 87' lang='lat' dir='ltr'><strong>via</strong></span> <span class='ocrx_word' id='word_1_381' title='bbox 1380 2797 1484 2829; x_wconf 86' lang='lat' dir='ltr'><strong>fuerit</strong></span> <span class='ocrx_word' id='word_1_382' title='bbox 1498 2797 1643 2829; x_wconf 83' lang='lat' dir='ltr'><strong>brevior.</strong></span> 
     </span>
    </p>
   </div>
   <div class='ocr_carea' id='block_1_9' title="bbox 857 2902 1611 2943">
    <p class='ocr_par' dir='ltr' id='par_1_14' title="bbox 857 2902 1611 2943">
     <span class='ocr_line' id='line_1_65' title="bbox 857 2902 1611 2943; baseline -0.004 -8"><span class='ocrx_word' id='word_1_383' title='bbox 857 2904 946 2935; x_wconf 76' lang='lat' dir='ltr'><strong>Dict.</strong></span> <span class='ocrx_word' id='word_1_384' title='bbox 966 2903 1051 2935; x_wconf 79' lang='lat' dir='ltr'><strong>Cret.</strong></span> <span class='ocrx_word' id='word_1_385' title='bbox 1077 2903 1126 2943; x_wconf 71' lang='grc' dir='ltr'><strong>ᾅϊ.</strong></span> <span class='ocrx_word' id='word_1_386' title='bbox 1579 2902 1611 2932; x_wconf 80' lang='lat' dir='ltr'>U</span> 
     </span>
    </p>
   </div>
  </div>
 </body>
</html>
