1915 3231
527 305 590 334 nu
626 304 783 333 nunno
815 302 1042 332 TROJANO
1079 303 1172 331 ΜΒ.
1207 302 1236 330 1.
1524 288 1608 331 113

158 397 460 451 occidentique
496 396 667 446 dividit,
700 400 861 448 atque¹
894 394 1096 446 singulos
1130 393 1307 435 nudatis
1340 393 1497 447 gladiis
1530 406 1608 447 per

157 464 352 505 medium
383 464 563 505 transire
592 463 734 517 jubet.
796 461 943 501 Dein²
975 461 1250 501 mucronibus
1281 461 1490 512 sanguine
1510 459 1607 513 ejus

158 531 327 580 oblitis,
358 530 570 572 adhibitis
589 530 723 570 etiam
747 527 845 568 aliis
865 526 921 566 ad
944 539 1042 567 eam
1061 539 1152 566 rem
1174 526 1444 575 necessariis,
1465 526 1608 567 inimi-

157 597 286 638 citias
306 598 391 638 sibi
414 609 515 638 cum
546 595 725 636 Priamo
756 606 836 647 per
865 592 1117 644 religionem
1151 592 1431 633 confirmant:
1462 605 1607 646 neque

158 664 280 716 prius
303 677 350 704 se
372 664 532 705 bellum
553 662 844 710 deserturos,‘³
874 672 1009 713 quam
1044 659 1176 699 Ilium
1211 663 1346 712 atque
1368 672 1495 700 omne
1516 673 1608 712 reg-

156 743 260 770 num
292 730 539 770 eruissent!
607 727 722 778 Quis
743 726 952 780 perfectis
975 738 1084 778 pure
1106 726 1234 775 lauti,
1263 726 1450 766 Martem
1472 731 1608 779 atque

157 795 450 837 Concordiam
500 795 651 836 mul-tis
691 793 1069 834 immolationibus
1107 793 1191 833 sibi
1238 792 1608 846 adhospitavere:

156 862 263 916 [16.]
287 863 396 903 Dein
417 863 460 903 in
483 862 647 915 templo
667 860 859 903 Junonis
882 859 1059 912 Argivae
1078 865 1296 901 rectorem
1320 860 1512 900 omnium
1534 860 1608 902 dc-

158 929 316 970 clarari
338 930 516 983 placuit.
579 929 716 981 Igitur
738 927 899 980 singuli
923 928 966 967 in
988 928 1179 977 tabellis,
1201 940 1313 980 quas
1335 926 1391 967 ad
1414 926 1611 981 deligen-

159 996 260 1037 dum
289 997 395 1038 belli
426 996 685 1050 principem,
708 1009 840 1049 quem
871 996 1029 1048 cuique
1062 994 1304 1043 videretur,t
1334 1000 1610 1047 acceperant,

160 1062 342 1104 Punicis
363 1064 502 1105 literis
516 1070 532 1085 ¹¹
563 1076 721 1103 nomen
740 1062 1088 1114 Agamemnonis
1110 1062 1350 1113 designant.
1411 1061 1482 1101 Ita
1504 1072 1610 1102 con-

160 1142 288 1171 sensu
311 1131 501 1171 omnium
524 1130 719 1171 secundo
741 1142 927 1178 rumore,
959 1142 1175 1170 summam
1206 1129 1311 1169 belli
1333 1131 1466 1182 atque
1487 1142 1611 1170 exer-

162 1196 275 1238 citus
296 1198 339 1238 in
359 1210 406 1238 se
428 1198 647 1251 suscipit:
679 1197 800 1251 quod
822 1197 863 1238 ei
880 1201 892 1225 ³
915 1202 961 1237 et
982 1200 1156 1250 propter
1176 1200 1462 1249 gerinanu111,‘'
1483 1195 1611 1249 cujus

766 1313 1000 1326 eeeeeeeeeeee

162 1379 331 1411 mantibus
348 1380 506 1421 imperite
520 1380 675 1411 omnibus
693 1380 800 1418 libris3
815 1390 890 1410 mox
908 1385 1001 1412 recte
1019 1379 1095 1411 libri
1113 1378 1270 1410 veteres.'
1293 1380 1491 1411 Macen—1
1519 1382 1612 1413 Inse-

162 1422 208 1454 rit
224 1422 270 1454 ita
285 1429 363 1464 post
377 1427 469 1464 atque
487 1424 678 1464 Delph.—2
700 1423 827 1464 Delph.
843 1423 1041 1455 Deinde-3
1060 1423 1169 1454 Deest
1184 1422 1213 1454 ei
1229 1422 1260 1453 in
1279 1422 1468 1463 Deum—4
1487 1424 1612 1465 Delph-

811 1530 953 1562 NOTA-2

161 1601 324 1622 annorum
347 1592 461 1632 trium,
482 1596 649 1624 turturem
669 1603 800 1634 quoque
823 1599 856 1625 et

160 1641 374 1672 columbam!
387 1644 473 1673 v.10.
483 1643 563 1676 ‘Qui
575 1643 692 1674 tollens
703 1643 856 1674 universa

160 1691 245 1731 tiaec,
260 1690 375 1722 divisit
391 1701 431 1723 ea
445 1702 504 1732 per
518 1692 677 1731 medium,
694 1698 729 1724 et
750 1696 856 1724 utras·

911 1592 1203 1633 significationem.
1251 1591 1350 1624 Quod
1375 1601 1437 1634 ego
1454 1592 1611 1624 vitiosum

912 1647 1014 1683 puto;
1053 1652 1129 1673 nam
1164 1641 1407 1673 obscuritatem
1437 1640 1548 1683 affert,
1575 1647 1612 1674 et

912 1692 1211 1733 contrajudiciuin
1238 1696 1301 1722 est.
1345 1691 1413 1724 Sed
1440 1692 1516 1723 vide
1539 1698 1610 1724 not.

159 1751 224 1782 que
243 1747 358 1782 partes
381 1746 502 1773 contra
528 1752 563 1774 se
580 1743 780 1774 altrinsecus
800 1753 856 1783 po-

159 1792 240 1830 suit,
256 1801 334 1822 aves
356 1796 468 1823 antem
494 1801 561 1823 non
582 1792 721 1827 divisit:
741 1795 806 1824 &c.
823 1802 855 1824 v.

162 1842 213 1870 1⁷.
233 1840 242 1857 ‘
256 1845 291 1870 et
308 1842 467 1882 apparuit
490 1841 640 1872 clibanus
656 1841 799 1881 sumam,
822 1846 857 1873 et

159 1890 289 1930 lampas
311 1890 397 1930 ignis
414 1891 581 1922 transiens
608 1892 699 1923 inter
721 1892 857 1922 divisio-

160 1948 219 1970 nes
234 1939 330 1971 iilas.'
360 1940 457 1972 Inter
471 1940 652 1973 divisiones
666 1942 738 1973 illas
749 1946 856 1973 trans-

159 1988 256 2021 ibant
288 1990 389 2021 etiam
423 1991 479 2032 qui
506 1990 677 2022 feriebant
712 1990 855 2031 foedera,

158 2039 288 2072 Jerem.
314 2049 442 2072 xxxW.
470 2044 520 2073 18.
565 2046 574 2059 ¹
594 2042 637 2072 Et
658 2041 744 2072 dabo
769 2042 856 2072 viros

160 2089 216 2130 qui
232 2090 448 2130 praevaricati
464 2095 542 2122 sunt
558 2089 667 2122 foedus
682 2100 806 2132 meum,
821 2096 856 2122 et

159 2148 225 2171 non
242 2140 509 2172 observaverunt
520 2141 623 2172 verba
635 2141 773 2172 foederis
785 2140 854 2182 qui-

160 2188 223 2220 bus
238 2190 366 2220 assensi
380 2191 500 2221 suntin
513 2197 700 2231 conspectu
711 2201 798 2231 meo,
811 2191 856 2222 vi-

162 2239 267 2270 tulum
285 2249 384 2281 quem
402 2239 625 2272 conciderunt
639 2241 672 2271 in
687 2241 767 2271 duas
781 2251 857 2282 par-

161 2293 225 2329 tes,
254 2295 291 2321 et
318 2290 524 2321 transierunt
554 2291 644 2322 inter
674 2291 856 2323 divisiones

158 2339 254 2380 ejus.’
285 2349 333 2372 vs,
362 2343 414 2372 19.
457 2342 466 2358 ‘
485 2341 660 2382 Principes
689 2341 790 2373 Judae
822 2346 858 2373 et

159 2389 330 2430 principes
345 2390 548 2430 Jerusalem,
564 2391 717 2422 Eunuchi
740 2396 776 2423 et
798 2392 857 2423 Sa-

158 2439 329 2479 cerdotes,
341 2445 376 2472 et
391 2440 497 2472 omnis
513 2441 655 2482 populus
671 2445 786 2480 terrae,
799 2441 858 2482 qui

158 2490 368 2522 transierunt
395 2491 484 2522 inter
515 2490 697 2522 divisiones
734 2490 855 2522 vituli.’

158 2539 210 2571 Eo
226 2545 337 2571 autem
354 2539 592 2581 significabant
609 2540 657 2571 ita
669 2549 705 2571 se
722 2540 756 2571 in
772 2540 855 2572 duas

160 2593 275 2629 partes
291 2589 395 2620 dividi
412 2595 446 2621 et
463 2589 572 2622 scindi
594 2589 694 2631 velle,
709 2589 736 2621 si
748 2589 855 2621 scien-

158 2642 210 2670 tes
225 2638 392 2671 fallerent.

200 2693 216 2716 ‘1
241 2689 350 2730 Neque
369 2690 457 2729 prius
481 2699 515 2720 se
535 2689 646 2720 bellum
668 2687 857 2729 deserturos]

159 2738 292 2779 Repete
308 2739 449 2771 verbum
465 2740 475 2757 ‘
493 2739 695 2771 confirmant
706 2738 714 2752 ’
730 2748 749 2770 a
766 2749 855 2770 com-

159 2789 268 2820 muni:
291 2789 346 2830 (ut
363 2789 494 2822 Graecis
508 2788 660 2831 dieuntz)
676 2791 791 2831 itaque
807 2789 856 2821 sic

159 2846 226 2869 vox
261 2842 270 2857 ‘
287 2839 510 2871 confirmant'
543 2840 712 2881 duplicem
750 2841 855 2872 habet

206 2891 319 2932 Delph.
332 2895 362 2923 et
380 2892 455 2925 Var.
473 2894 558 2924 Clas.

912 1753 945 1774 n.
964 1753 996 1783 p.
1015 1746 1087 1774 106.

955 1797 967 1813 ¹
991 1793 1092 1828 Quam
1123 1792 1218 1824 Ilium
1245 1795 1335 1832 atque
1361 1802 1448 1823 omne
1481 1801 1611 1831 regnum

910 1843 1078 1884 eruissent]
1099 1842 1298 1874 Pausanias:
1324 1842 1454 1873 ἐνταῦθα
1477 1842 1612 1882 παραμέ-

910 1905 970 1924 νειν
986 1894 1198 1933 πολεμοῦντας
1215 1892 1269 1923 ἕως
1285 1892 1323 1923 ἂν
1339 1892 1358 1929 ἢ
1375 1892 1412 1923 τὸ
1421 1892 1520 1924 Ἴλιον
1535 1893 1611 1925 ἕλω-

910 1954 970 1978 σιν,
986 1942 1005 1980 ἦ
1015 1942 1211 1982 μαχομένους
1221 1941 1353 1979 τελευτὴ
1365 1943 1447 1981 σφᾶς
1463 1942 1609 1983 ἐπιλάβῃ.

912 1993 922 2009 ‘
940 1993 992 2024 lbi
1024 2001 1260 2033 permansuros
1289 1991 1398 2023 donec
1429 1993 1481 2023 vel
1512 1992 1609 2024 Ilium

912 2043 1080 2082 ceperint,
1096 2043 1148 2073 vel
1173 2046 1363 2082 pugnantes
1380 2051 1435 2073 eos
1452 2052 1541 2073 mors
1555 2052 1612 2074 oc-

911 2092 1067 2133 cuparit.'

952 2147 964 2162 ³
988 2142 1248 2183 Adhospitavere]
1270 2142 1341 2173 Sibi
1355 2141 1479 2174 amicos
1495 2142 1610 2174 faven-

912 2196 963 2223 tes
991 2197 1027 2222 et
1063 2192 1226 2232 propitios
1258 2191 1452 2222 reddidere.
1499 2193 1610 2224 Nemo

911 2240 1000 2282 quod
1017 2241 1120 2272 sciam
1137 2242 1197 2272 hac
1215 2251 1298 2272 voce
1314 2251 1392 2272 usus
1408 2246 1471 2272 est.
1496 2242 1505 2259 ‘
1521 2242 1610 2274 Hos-

911 2290 1039 2331 pitare'
1054 2292 1155 2322 etiam
1175 2291 1301 2331 activa,
1315 2291 1405 2332 quod
1429 2292 1485 2322 alii
1503 2292 1610 2332 passi-

912 2351 953 2372 va
970 2341 1206 2372 terminatione
1224 2342 1232 2358 ‘
1250 2340 1440 2381 hospitat-i!

953 2392 963 2411 ²
988 2391 1087 2426 Quem
1109 2391 1216 2430 cuique
1248 2388 1422 2428 videretur]
1456 2389 1608 2421 Subaudi

913 2441 923 2458 ‘
938 2441 1113 2481 deligere.’

954 2495 967 2511 ¹¹
992 2490 1126 2522 Punicis
1157 2490 1274 2531 literis]
1319 2489 1458 2521 Punicae
1496 2490 1606 2522 literae

911 2540 1042 2572 Graecis
1072 2541 1197 2580 ignotae
1228 2549 1303 2571 esse
1336 2549 1399 2570 non
1430 2545 1609 2581 poterant;

909 2600 987 2622 nam
1004 2600 1022 2620 a
1039 2589 1257 2621 Phoenicibus
1278 2589 1319 2619 ad
1336 2599 1393 2621 eos
1406 2599 1482 2621 cum
1499 2591 1608 2622 literis

910 2640 1062 2671 scientiae
1078 2644 1257 2671 venerunt.
1290 2639 1359 2670 Sed
1374 2639 1462 2670 unde
1480 2640 1609 2672 Noster

909 2689 999 2721 istud
1025 2689 1190 2728 hauserit,
1213 2688 1381 2720 incertum
1404 2694 1469 2721 est.
1516 2691 1607 2722 Puto

909 2748 986 2770 eum
1012 2738 1053 2769 de
1080 2747 1138 2769 suo
1165 2738 1350 2775 addidisse,
1368 2744 1405 2769 ut
1421 2739 1486 2770 sibi
1504 2740 1607 2782 majo·

909 2799 979 2821 rem
993 2788 1094 2821 fidem
1111 2788 1322 2822 conciliaret.

951 2845 965 2860 v
989 2841 1031 2871 Et
1054 2843 1181 2881 propter
1196 2837 1394 2881 germanum]
1418 2839 1516 2873 Hanc
1532 2840 1603 2882 opi-

793 2893 883 2924 Dice.
902 2894 927 2924 C
930 2896 988 2926 ret.
1485 2893 1518 2924 Η
