1915 3231
524 290 587 319 DE
621 288 777 318 BELLO
810 288 1037 319 TROJANO
1070 289 1165 319 [AB.
1199 291 1241 320 V.

1512 280 1598 321 243

152 379 298 429 Quare
325 380 513 421 consilio
543 381 696 431 dilato,
719 382 857 423 duces
886 381 1029 421 nostri
1056 380 1113 422 ad
1134 380 1397 421 Antenorem
1420 383 1596 432 abeunt,

149 447 298 499 ibique
319 448 518 499 acceptis
544 449 688 501 epulis
714 452 1009 501 pernoctant.'‘

1082 447 1306 488 Praeterea
1330 455 1599 500 cognoscunt

148 514 206 554 ab
227 512 465 563 Antenore,
485 515 651 555 editum
673 514 891 567 quondam
913 515 1136 555 oraculum
1159 513 1380 568 Trojanis,
1402 516 1596 556 maximo

149 579 288 622 exitio
303 580 472 623 civitati
490 581 619 631 sore,y
638 582 676 622 si
692 581 978 632 Palladium,2
998 581 1120 635 quod
1139 581 1365 637 intemplo
1382 580 1599 624 Minervae

801 731 944 764 NOTAE

147 827 300 867 τέσσαρας
324 826 496 867 τετοκέναι,
520 827 676 867 Βούνικον,
700 827 845 867 Κόρυθον,

141 877 292 918 Ἀγαυόν,
308 877 357 908 καὶ
371 877 491 909 Ἰδαῖον.
514 882 523 896 ‘
538 879 658 909 Plures
675 882 786 909 tamen
801 888 844 909 ex

145 927 343 959 Alexandro
359 934 506 968 quatuor
522 928 691 960 Helenam
708 928 844 967 genuis-

144 986 180 1008 se
201 976 333 1012 dicunt,
356 977 559 1013 Bounicum.
581 977 782 1017 Corythum,
800 977 844 1008 A.

143 1036 256 1067 gaum,
273 1032 308 1058 et
325 1026 479 1058 Idaeum.'
503 1026 705 1068 Lycophron
720 1031 845 1067 tamen,

145 1076 315 1108 Helenam
345 1077 472 1108 nullam
500 1078 683 1108 masculam
715 1077 843 1117 prolem

142 1127 292 1159 edidisse
321 1127 442 1160 refert.
486 1127 546 1159 Kal
581 1126 685 1159 πάντα
720 1127 844 1165 ‘ra-hoe&

144 1176 233 1208 εἵνεκ’
248 1176 388 1217 Ἀργείας
403 1177 501 1214 κυνὸς,
515 1178 577 1215 Τῆς
596 1176 780 1215 θηλύπαιδος
794 1177 845 1208 καὶ

144 1225 302 1268 τριάνορος
331 1226 434 1267 κόρης.
479 1232 487 1246 ¹
504 1229 550 1259 Et
583 1233 707 1259 cuncta
737 1228 845 1259 obibit

143 1282 286 1318 propter
298 1276 460 1317 Argivam
472 1277 599 1318 lupam,
611 1278 845 1317 Feminipuer-

144 1335 260 1366 peram
288 1330 325 1357 et
347 1326 498 1357 triviram
524 1326 691 1366 puellam!
735 1328 844 1360 Quem

144 1378 256 1409 locum
279 1378 387 1409 citans
402 1378 595 1418 Stephanus
617 1378 660 1409 de
685 1378 792 1410 urbib.
809 1378 842 1409 in

144 1437 227 1459 voce
239 1427 335 1467 Αἰγὸς
350 1429 448 1468 legit,
462 1427 576 1467 Αἷγύας
591 1427 693 1469 κόρης.
722 1429 767 1459 Εῑ
783 1428 841 1459 ad-

142 1477 207 1518 dit,
223 1478 240 1509 ὁ
260 1478 358 1517 λόγος
380 1477 449 1518 περὶ
461 1477 588 1516 Ἑλένης
602 1479 777 1515 Λακωνικῆς
791 1478 840 1509 οὔ·

142 1538 202 1565 σης
217 1527 268 1558 καὶ
284 1527 393 1568 ἅῤῥενα
406 1529 450 1567 μὴ
463 1527 624 1565 τεκούσης,
639 1530 683 1567 τῷ
692 1526 841 1567 Μενελάῳ

147 1578 199 1609 καὶ
214 1578 402 1620 Ἀλεξάνδρῳ
418 1578 468 1610 καὶ
483 1578 633 1618 Δηϊφόβῳ
646 1578 842 1617 γαμεθείσης.

141 1629 285 1660 ‘Sermo
311 1628 355 1660 de
386 1629 523 1660 Helena
553 1628 736 1668 Laconica,
764 1638 840 1668 quae

140 1687 206 1709 non
233 1679 369 1719 peperit
389 1687 526 1717 marem,
550 1687 657 1720 neque
682 1678 841 1709 Menelao

139 1738 249 1770 neque
257 1728 456 1760 Alexandro
466 1732 503 1759 et
514 1727 697 1768 Deiphobo
707 1726 839 1768 nupta.’

139 1779 266 1810 Tamen
282 1778 372 1810 idem
388 1779 543 1819 Tzetzes‚
559 1779 633 1810 loco
649 1788 752 1819 supra
769 1779 839 1808 lau-

141 1829 234 1865 dato,
250 1830 297 1861 ait
312 1830 413 1862 etiam
430 1840 517 1869 esse,
540 1830 597 1871 qui
614 1829 752 1861 tradant
769 1830 839 1860 He-

139 1880 249 1911 lenam
279 1889 389 1911 mares
421 1889 464 1911 ex
494 1880 652 1912 Menelao
689 1880 760 1911 sive
796 1889 838 1911 ex

137 1929 269 1961 Theseo
295 1929 507 1970 suscepisse3
545 1939 667 1970 nempe
694 1934 702 1947 ‘
718 1930 839 1961 Nicos-

138 1984 280 2020 tratum,
292 1980 473 2020 Ephiolan,
487 1984 523 2011 et
539 1978 756 2010 Menelaum?

182 2034 197 2049 ¹
220 2030 330 2070 Ibique
359 2030 493 2070 acceptis
520 2029 619 2069 epulis
643 2030 844 2070 pernoctant]

137 2080 323 2121 Scripsisse
362 2080 480 2111 debuit
515 2080 651 2120 Dictys,
681 2080 690 2097 ‘
707 2081 841 2120 accepti

137 2128 271 2171 epulis!
314 2129 415 2160 Ratio
439 2134 492 2161 est
507 2129 596 2170 quod
623 2130 744 2160 Latine
771 2129 840 2160 dici

137 2188 203 2210 non
226 2178 345 2219 possit,
372 2182 380 2196 ‘
396 2178 552 2220 accipere
573 2179 712 2220 epulas.’
755 2180 838 2221 Sed,

137 2229 148 2246 ‘
164 2227 276 2267 accipi
292 2227 425 2267 epulis.’

179 2284 192 2305 Υ
216 2277 360 2309 Maximo
375 2277 473 2309 exicio
488 2277 611 2309 civitati
624 2277 714 2317 sore]
752 2278 836 2310 Dio-

136 2338 210 2369 nys.
227 2328 443 2360 Halicarnas.
467 2338 490 2360 ι.
508 2329 624 2370 Antiq.
645 2333 697 2361 68.
715 2339 833 2360 oracu-

135 2379 204 2410 lum
220 2379 382 2411 ‘Dardano
399 2379 527 2410 editum
545 2379 665 2411 refert.
708 2378 781 2411 Efir’
797 2380 835 2410 ἂν

137 2428 198 2468 γὰρ
219 2428 296 2460 τάδε
318 2428 416 2467 σεμνὰ
437 2429 502 2460 καθ’
527 2429 675 2469 ὑμετέραν
691 2429 795 2470 χώραν
816 2428 835 2471 ᾗ

134 2479 225 2518 Δῶρα
246 2478 320 2509 Διὸς
349 2477 460 2518 κούρης
483 2478 605 2519 ἀλόχου
632 2480 734 2519 σέθεν,
758 2480 778 2518 ἡ
803 2483 836 2511 δε

134 2527 224 2559 πόλις
232 2539 290 2559 σου
296 2527 407 2560 Ἔσται
418 2528 587 2570 ἀπόρθητος
602 2529 658 2560 τὸν
669 2530 715 2561 ἀεὶ
724 2529 839 2571 χρόνον

136 2578 240 2617 ἤματα
258 2577 371 2611 πάντα.
415 2581 424 2597 ‘
438 2580 526 2611 Nam
543 2580 622 2611 dnm
641 2582 837 2612 veneranda

133 2629 192 2660 illa
207 2629 241 2660 in
259 2634 371 2661 vestra
393 2630 532 2670 regione
549 2636 648 2662 erunt
666 2631 761 2662 Dona
778 2631 837 2664 Jo-

132 2679 183 2710 vis
198 2678 276 2710 filiae
292 2679 335 2710 ab
352 2689 456 2711 uxore
473 2684 532 2712 tna
551 2680 739 2722 (accepta),
756 2682 836 2713 urbs

133 2733 192 2760 tua
217 2728 291 2759 Erit
307 2728 537 2771 inexpugnata
559 2740 621 2771 per
635 2740 734 2762 omne
751 2735 835 2762 tem—

131 2787 196 2818 pus
226 2781 262 2808 et
293 2776 364 2808 dies
394 2779 532 2811 omneS.’
589 2781 634 2811 Et
665 2780 767 2812 Ovid.
800 2790 834 2811 v.

132 2828 227 2859 Fast.
248 2827 257 2843 ⁴
271 2826 462 2860 AEtheream
476 2833 609 2862 servate
626 2831 747 2870 Deam,
767 2840 834 2861 ser-

897 827 1022 859 vabitis
1062 827 1178 859 urbem
1199 838 1207 858 :
1255 826 1443 868 Imperium
1482 837 1598 860 secum

898 878 1083 910 transferet
1098 878 1156 909 illa
1173 877 1259 910 loci?

940 934 952 949 z
976 928 1170 968 Palladium]
1193 928 1316 959 Statua
1330 927 1492 968 Palladis,
1508 938 1598 970 mag-

897 978 1054 1010 nitudine
1086 979 1188 1010 trium
1218 977 1424 1014 cubitorum,
1456 979 1598 1019 pedibus

898 1030 945 1060 ita
968 1028 1178 1069 compositis,
1201 1032 1238 1059 ut
1266 1028 1440 1060 ambulare
1465 1029 1598 1061 videre-

899 1083 966 1118 tur,
988 1079 1110 1109 dextra
1134 1078 1258 1109 elatam
1280 1078 1422 1118 hastam,
1445 1078 1599 1120 laevaque

898 1128 1010 1159 colum
1036 1127 1216 1168 fusumque
1237 1128 1391 1168 gerebat.
1437 1128 1598 1169 Apollod.

898 1187 955 1209 ιιι.
978 1178 1046 1210 Sed
1064 1184 1165 1218 negat
1188 1178 1326 1218 Strabo,
1348 1183 1495 1210 stantem
1518 1179 1600 1212 fuis-

898 1238 957 1267 se;
995 1229 1089 1260 illum
1119 1229 1197 1260 vide
1228 1238 1310 1260 xnr.
1356 1229 1408 1261 De
1440 1229 1597 1261 Palladio

899 1284 1013 1310 autem
1041 1279 1173 1311 variant
1200 1279 1392 1311 sententiae.
1435 1279 1601 1321 Apollod.

899 1330 947 1360 ait
977 1329 1076 1368 Ilum,
1106 1334 1183 1370 post
1214 1329 1330 1361 urbem
1361 1330 1547 1370 conditam,
1578 1340 1599 1361 a

897 1378 985 1410 Jove
1011 1378 1150 1419 petiisse
1168 1382 1204 1409 ut
1223 1378 1287 1409 sibi
1313 1379 1442 1418 signum
1460 1379 1597 1420 aliquod

895 1428 1016 1468 daret3
1047 1438 1115 1470 quo
1139 1427 1232 1460 facto
1260 1429 1424 1469 postridie
1449 1433 1529 1460 ante
1547 1434 1598 1460 ta-

894 1479 1110 1511 bernaculum
1149 1489 1244 1510 suum
1276 1479 1469 1510 Palladium
1500 1479 1598 1511 vidit.

894 1530 994 1568 Item,
1010 1539 1084 1560 cum
1098 1529 1257 1560 Minerva
1272 1534 1306 1560 et
1324 1530 1438 1560 Pallas
1455 1529 1544 1560 inter
1559 1539 1596 1561 se

894 1580 1156 1614 contenderent,
1177 1579 1335 1610 Minerva
1352 1579 1527 1610 Palladem
1545 1580 1596 1611 in-

894 1628 1052 1667 terfecit;
1075 1638 1180 1670 qnare
1195 1634 1311 1669 postea
1325 1629 1442 1660 dolore
1456 1628 1595 1668 affecta,

893 1680 1109 1711 simulacrum
1127 1679 1173 1710 illi
1188 1679 1295 1710 simile
1312 1678 1479 1719 confecit3
1503 1680 1595 1720 quod

893 1734 1013 1770 postea
1041 1730 1179 1760 Electra
1204 1730 1301 1760 Ilium
1329 1730 1463 1760 detulit.
1508 1730 1595 1761 Haec

894 1779 1135 1820 ApollodoruS.
1180 1779 1247 1810 Alii
1264 1780 1383 1811 dicunt
1398 1780 1494 1812 Trois
1511 1785 1594 1811 tem-

894 1839 977 1870 pore
995 1829 1111 1861 Asium
1131 1829 1296 1870 quendam
1316 1829 1431 1864 fuisse,
1447 1831 1502 1871 qui
1521 1835 1594 1861 arte

892 1889 951 1910 sna
968 1880 1184 1920 astrologiam
1202 1885 1237 1910 et
1254 1885 1344 1910 artes
1363 1880 1512 1920 magicas
1526 1881 1595 1911 cal-

894 1930 999 1969 lebat,
1026 1930 1174 1970 ligneum
1203 1929 1416 1960 simulacrum
1449 1938 1507 1969 per
1537 1929 1595 1959 ho·

898 1989 1076 2020 roscopum
1103 1978 1202 2018 fecit,
1229 1980 1318 2019 quod
1349 1980 1594 2019 inexpugnabi-

895 2030 960 2060 lem
980 2029 1097 2060 urbem
1118 2029 1288 2067 redderet,
1306 2031 1337 2059 in
1362 2040 1427 2070 qua
1442 2039 1593 2061 servare-

896 2085 961 2111 tur.
1007 2079 1164 2111 Eustath.
1196 2080 1227 2110 in
1264 2080 1402 2120 Dionys.
1435 2080 1593 2118 'l'zetzes‚

895 2131 1111 2169 Suidas,&c.
1149 2130 1333 2170 Dionysius
1364 2130 1593 2163 Halicarnass.

894 2189 975 2211 vero
993 2189 1016 2211 1.
1041 2179 1208 2220 Antiquit.
1226 2188 1254 2209 c.
1270 2179 1326 2210 cit.
1341 2178 1445 2210 refert
1459 2179 1594 2211 Darda—

890 2239 980 2264 num,
1010 2229 1139 2269 Chryse
1170 2229 1313 2269 quadam
1345 2238 1449 2259 uxore
1475 2229 1592 2270 ducta,

888 2279 931 2310 ab
954 2290 995 2310 ea
1021 2279 1176 2310 Palladia
1203 2278 1270 2309 duo
1296 2279 1488 2319 accepisse;
1513 2290 1589 2320 quae

888 2339 929 2359 ex
959 2329 1195 2369 Peloponneso
1223 2329 1255 2358 in
1273 2329 1538 2360 Samothraciam
1555 2335 1591 2361 et

890 2379 969 2410 inde
986 2379 1017 2410 in
1036 2378 1149 2409 Asiam
1168 2379 1336 2418 pervexit,
1350 2380 1414 2408 διο.
1456 2378 1539 2417 Alii,
1553 2385 1590 2411 nt

892 2430 1049 2460 Clemens
1060 2428 1324 2466 Alexandrinus,
1338 2428 1526 2459 Palladium
1540 2429 1590 2460 di-

892 2483 974 2510 cunt
990 2488 1033 2509 ex
1049 2479 1181 2509 ossibus
1197 2478 1334 2518 Pelopis
1352 2478 1489 2510 factum.
1520 2480 1589 2510 Alii

891 2530 925 2560 in
941 2538 1022 2569 agro
1046 2528 1219 2569 Phrygiae,
1235 2527 1290 2558 cui
1312 2528 1391 2559 inde
1407 2528 1591 2560 Pessinunta*

891 2588 1012 2610 nomen
1026 2577 1105 2617 fuit,
1117 2578 1284 2609 decidisse
1300 2578 1448 2615 tradunt,
1459 2583 1495 2611 et
1509 2579 1588 2611 inde

892 2628 1029 2659 Romam
1046 2627 1238 2659 advectum.
1261 2629 1306 2658 Et
1321 2628 1395 2659 haec
1411 2629 1484 2660 fere
1501 2639 1588 2670 prae-

889 2678 990 2719 cipua
1011 2682 1090 2709 sunt
1113 2686 1187 2718 quae
1211 2676 1253 2708 de
1277 2677 1434 2709 Palladio
1450 2679 1587 2711 tradun-

891 2732 969 2766 tur;
992 2736 1100 2767 neque
1123 2727 1213 2757 enim
1237 2727 1349 2758 omnia
1365 2728 1447 2760 licet
1462 2738 1585 2772 conge-

890 2786 979 2819 rere,
995 2787 1037 2808 ne
1053 2777 1138 2809 liber
1154 2776 1290 2810 nimium
1306 2783 1448 2811 crescat.
