1915 3231
537 254 601 284 DE
634 253 871 284 HISTORIA
906 253 1049 283 BELm
1085 252 1314 284 TROJANI.
1584 244 1641 284 55

193 353 292 394 sitis
314 353 447 394 etiam
463 366 520 394 ex
550 354 780 404 divisione,
801 366 902 407 quae
924 353 969 394 in
998 353 1079 395 tali
1099 352 1275 404 negotio
1295 350 1475 405 tempus
1496 352 1639 405 patie-

191 420 332 469 batur,
353 433 509 461 navem
532 420 767 462 ascendere
780 420 920 462 facit.'
978 419 1070 461 Ubi
1088 420 1182 460 sine
1194 417 1473 460 haesitatione
1491 418 1639 471 legen-

191 487 296 526 dum
315 499 491 536 censeo,
512 486 721 540 impositis.
781 487 869 536 lta,
894 497 939 526 v.
958 486 1015 527 12
1029 517 1038 526 .
1060 489 1074 507 ‘
1091 485 1258 534 Graeci,
1291 485 1367 525 ubi
1386 489 1542 526 cuncta
1560 498 1638 525 na-

190 551 318 592 vibus
338 552 545 605 imposita
563 557 680 602 sunt,
700 552 755 593 ad
777 553 956 605 Sigeum
976 549 1215 600 secedunt:
1236 554 1281 591 et
1301 561 1367 591 vl.
1392 549 1434 589 1.
1471 552 1484 571 ‘
1505 549 1638 590 Post-

189 630 322 672 quam
342 619 579 672 impositis,
599 631 700 672 quae
728 618 888 671 singuli
922 617 1041 659 bello
1063 616 1375 671 quaesiverant,
1395 615 1635 656 ascendere

188 684 305 738 ipsi.’

247 762 280 794 1.
309 752 350 793 6.
383 754 397 773 ‘
411 751 516 793 Non
537 764 585 792 se
607 752 803 804 ignorare
823 751 897 800 ait,
910 750 1087 805 quantis
1107 749 1370 791 mortalibus
1391 752 1482 790 tam
1505 752 1636 790 atrox

186 819 357 860 facinus
391 818 739 872 indignationem
768 816 1005 860 incuteret.'
1065 817 1255 859 Deceret
1282 816 1380 857 haec
1414 816 1635 857 confessio

186 886 413 927 Priamum
434 891 515 927 aut
533 886 772 940 Trojanum
799 885 1066 940 quempiam,
1087 883 1340 937 neutiquam
1358 895 1461 924 vero
1492 883 1635 935 Lega-

184 958 275 995 tum
305 952 577 1003 Graecorum,
598 958 876 994 accusantem
905 952 952 993 id
981 951 1167 992 facinus.
1228 948 1517 1003 Quapropter
1544 962 1635 990 ma-

183 1019 260 1060 lim
298 1032 423 1069 sane,
462 1033 542 1059 non
571 1033 688 1073 posse
716 1018 919 1074 ignorari,
959 1018 1045 1067 vel,
1079 1018 1119 1058 si
1149 1017 1276 1066 velis,
1304 1015 1513 1071 ignorare,
1545 1017 1634 1057 sci-

183 1087 289 1127 licet
323 1099 418 1135 eos,
458 1086 515 1127 ad
547 1099 659 1140 quos
692 1087 829 1127 verba
859 1086 982 1126 facit.
1040 1085 1116 1125 Sic
1148 1093 1201 1123 11.
1227 1083 1297 1124 23.
1343 1085 1357 1103 ‘
1376 1081 1537 1135 Neque
1567 1084 1634 1135 ig·

181 1165 335 1194 notare
357 1165 625 1208 quenquam,
646 1152 686 1193 si
705 1156 796 1193 tam
817 1157 945 1193 atrox
976 1150 1136 1206 injuria
1157 1148 1389 1204 probanda
1409 1149 1486 1200 sit,
1507 1148 1632 1199 fore‚’

184 1220 262 1260 διο.

241 1285 410 1327 Ibidem
426 1285 661 1339 respondet.
681 1283 905 1334 Priamus,
936 1283 1159 1337 ‘iniquum
1180 1283 1355 1325 videtur
1382 1282 1630 1325 insimulari

184 1364 298 1401 eum,
322 1352 399 1405 qui
430 1352 560 1400 absit,
595 1351 788 1391 maxime
821 1363 920 1391 cum
950 1349 1044 1391 fieri
1076 1350 1242 1403 possit,
1264 1350 1332 1390 uti
1364 1362 1464 1403 quae
1485 1349 1631 1390 crimi-

181 1431 290 1459 nose
310 1419 485 1472 objecta
514 1420 626 1466 sunt,
658 1418 867 1471 praesenti
896 1416 1160 1457 refutatione
1190 1415 1440 1457 diluantur.'
1498 1414 1630 1466 Quis,

181 1485 258 1526 ubi
281 1486 473 1526 animum
490 1484 690 1534 attendit,
703 1497 791 1525 non
812 1484 961 1524 videat
978 1482 1227 1536 legendum,
1240 1480 1451 1536 praesentis
1464 1480 1487 1522 {2

239 1563 270 1593 1.
291 1553 332 1593 8.
364 1555 376 1573 ‘
395 1551 558 1603 Reguli
579 1555 760 1605 repente
781 1549 1034 1591 Concilium
1050 1549 1061 1565 '
1080 1550 1168 1600 (vel
1189 1553 1202 1571 ‘
1217 1549 1461 1591 Consilium
1479 1548 1503 1590 ε’
1533 1551 1627 1589 erat

178 1619 293 1658 enim
333 1631 420 1659 non
453 1617 636 1670 Populi,
666 1617 745 1658 sed
764 1620 777 1639 ‘
798 1616 981 1666 senum‚'
1009 1628 1122 1669 quos
1155 1615 1262 1657 Rex
1292 1618 1306 1637 ‘
1324 1614 1626 1665 conduxerat,'

177 1685 260 1726 hoc
282 1689 365 1735 est,
397 1683 615 1737 coegerat,
646 1688 689 1726 et
720 1687 734 1706 ‘
754 1683 1058 1737 consulebat’)
1088 1683 1372 1737 ‘irrumpunt‚
1393 1686 1525 1735 atque
1560 1682 1626 1722 in-

175 1751 361 1792 conditis
395 1751 592 1792 moribus
622 1750 787 1792 malum
819 1750 1003 1804 singulis
1035 1749 1314 1792 minitantur!
1373 1750 1481 1791 Scio
1503 1751 1626 1803 equi-

175 1817 274 1857 dem
293 1816 425 1858 etiam
446 1819 459 1838 ‘
477 1816 732 1858 inconditos
750 1829 893 1858 mores
909 1815 920 1832 ’
950 1816 1055 1867 dici,
1077 1817 1211 1858 etiam
1233 1818 1291 1858 ab
1321 1821 1500 1859 auctore
1522 1830 1625 1857 nos-

174 1889 260 1924 tro.
317 1884 405 1925 Sed
433 1888 478 1925 et
497 1883 673 1925 memini
705 1884 845 1925 hosce
865 1884 994 1938 ipsos
1013 1884 1189 1937 regulos
1210 1884 1350 1937 paulo
1378 1888 1477 1926 ante
1513 1885 1624 1926 ‘lin-

172 1964 257 2004 gua
285 1952 571 2007 moribusque
608 1950 849 1992 barbaros'
880 1952 1040 1993 vocari.
1101 1951 1258 1993 Nihilo
1295 1957 1445 1993 tamen
1476 1953 1622 1993 minus

171 2018 271 2059 huic
291 2019 395 2060 loco
424 2024 470 2060 et
499 2019 623 2060 hisce
645 2019 1066 2061 comminationibus
1097 2019 1230 2072 longe
1254 2020 1429 2061 videtur
1459 2033 1623 2074 oppor-

171 2087 330 2135 tunius,
367 2086 632 2128 ‘inconditis
664 2086 965 2137 clamoribuS‚’
996 2086 1221 2141 quomodo
1239 2091 1284 2128 et
1315 2087 1428 2128 infra
1456 2097 1529 2128 111.
1552 2087 1621 2127 10.

172 2153 379 2207 loquitur.

232 2231 263 2261 1.
283 2220 326 2261 9.
356 2223 369 2241 ‘
387 2218 490 2260 Rex
510 2219 683 2261 hortatu
706 2219 909 2263 Hecubae
932 2221 989 2263 ad
1010 2221 1234 2263 Helenam
1255 2219 1377 2262 adit?
1408 2220 1499 2262 Hic
1516 2233 1621 2261 vero

169 2286 398 2340 legendum
413 2287 656 2337 videbatur,
677 2287 840 2341 ‘Regis
859 2289 1032 2331 hortatu
1054 2287 1278 2330 Hecuba?
1337 2287 1459 2330 Nam
1488 2292 1535 2329 ut
1555 2291 1621 2329 ta-

169 2366 312 2403 ceam,
334 2353 473 2406 magis
494 2352 701 2394 decorum
723 2367 840 2405 esse,
871 2359 919 2396 ut
951 2355 1171 2397 Helenam
1206 2368 1358 2397 recens
1385 2355 1619 2397 advenien-

170 2424 260 2461 tem
289 2419 431 2461 adiret
462 2419 637 2473 Regina
667 2433 837 2472 socrus,
859 2434 994 2475 quam
1013 2421 1138 2463 solus
1174 2421 1281 2463 Rex
1302 2422 1452 2472 Socer,
1472 2434 1620 2462 emen-

171 2486 366 2527 dandum
385 2487 447 2527 ita
467 2486 700 2527 videbatur
721 2487 792 2528 vel
826 2488 1035 2537 maxime,
1055 2488 1158 2541 quia
1187 2488 1337 2529 statim
1358 2493 1465 2541 post
1484 2488 1619 2530 hocce

169 2553 441 2607 colloquium
467 2566 568 2595 cum
596 2553 786 2605 Helena,
808 2553 990 2608 subjicit
1008 2559 1192 2606 auctor;
1223 2557 1237 2576 ‘
1257 2555 1388 2607 igitur
1410 2554 1616 2605 Hecuba,

170 2620 410 2674 complexa
448 2620 682 2671 Helenam,
712 2635 766 2663 ne
798 2619 1079 2676 proderetur’
1106 2621 1223 2675 quod
1255 2621 1432 2663 Helena
1462 2621 1506 2663 in
1537 2622 1615 2664 illo

169 2687 395 2741 colloquio
436 2691 677 2740 rogaverat,
713 2691 726 2709 ‘
747 2689 931 2730 summis
969 2689 1133 2743 opibus
1167 2687 1475 2731 adnitebatur?
1525 2690 1615 2731 Sed

171 2759 331 2805 tamen,
366 2754 580 2797 Malelam
612 2768 711 2797 cum
733 2756 925 2807 confero,
947 2759 1038 2798 tum
1060 2769 1159 2799 vero
1181 2756 1475 2809 explicandus
1497 2757 1615 2800 vide-
