<?xml version="1.0" encoding="UTF-8"?>
<!DOCTYPE html PUBLIC "-//W3C//DTD XHTML 1.0 Transitional//EN"
    "http://www.w3.org/TR/xhtml1/DTD/xhtml1-transitional.dtd">
<html xmlns="http://www.w3.org/1999/xhtml" xml:lang="en" lang="en">
 <head>
  <title>
</title>
<meta http-equiv="Content-Type" content="text/html;charset=utf-8" />
  <meta name='ocr-system' content='tesseract 3.04.00' />
  <meta name='ocr-capabilities' content='ocr_page ocr_carea ocr_par ocr_line ocrx_word'/>
</head>
<body>
  <div class='ocr_page' id='page_1' title='image "./dictyscretensise01dictuoft_0168.png"; bbox 0 0 1915 3231; ppageno 0'>
   <div class='ocr_carea' id='block_1_1' title="bbox 308 290 1290 331">
    <p class='ocr_par' dir='ltr' id='par_1_1' title="bbox 308 290 1290 331">
     <span class='ocr_line' id='line_1_1' title="bbox 308 290 1290 331; baseline -0.001 -1"><span class='ocrx_word' id='word_1_1' title='bbox 308 290 390 331; x_wconf 71' lang='lat'>100</span> <span class='ocrx_word' id='word_1_2' title='bbox 774 301 985 331; x_wconf 77' lang='lat' dir='ltr'>Dtc&#39;l&#39;YOS</span> <span class='ocrx_word' id='word_1_3' title='bbox 1018 302 1079 331; x_wconf 73' lang='lat' dir='ltr'>cn</span> <span class='ocrx_word' id='word_1_4' title='bbox 1092 301 1290 331; x_wconf 63' lang='lat' dir='ltr'>wmmsrs</span> 
     </span>
    </p>
   </div>
   <div class='ocr_carea' id='block_1_2' title="bbox 307 393 1761 1649">
    <p class='ocr_par' dir='ltr' id='par_1_2' title="bbox 307 393 1761 1649">
     <span class='ocr_line' id='line_1_2' title="bbox 308 393 1754 449; baseline 0.001 -14"><span class='ocrx_word' id='word_1_5' title='bbox 308 397 518 449; x_wconf 85' lang='lat' dir='ltr'>quuntur:</span> <span class='ocrx_word' id='word_1_6' title='bbox 534 398 548 416; x_wconf 87' lang='lat'>²</span> <span class='ocrx_word' id='word_1_7' title='bbox 572 395 737 448; x_wconf 87' lang='lat' dir='ltr'>quippe</span> <span class='ocrx_word' id='word_1_8' title='bbox 760 395 837 448; x_wconf 86' lang='lat' dir='ltr'>qui</span> <span class='ocrx_word' id='word_1_9' title='bbox 859 396 917 435; x_wconf 86' lang='lat' dir='ltr'>ob</span> <span class='ocrx_word' id='word_1_10' title='bbox 940 407 1132 435; x_wconf 85' lang='lat' dir='ltr'>amorem</span> <span class='ocrx_word' id='word_1_11' title='bbox 1154 394 1345 447; x_wconf 72' lang='lat' dir='ltr'>captivae</span> <span class='ocrx_word' id='word_1_12' title='bbox 1368 393 1580 443; x_wconf 79' lang='lat' dir='ltr'>mulieris,</span> <span class='ocrx_word' id='word_1_13' title='bbox 1603 407 1754 448; x_wconf 88' lang='lat' dir='ltr'>seque,</span> 
     </span>
     <span class='ocr_line' id='line_1_3' title="bbox 307 460 1755 516; baseline -0.001 -13"><span class='ocrx_word' id='word_1_14' title='bbox 307 467 368 511; x_wconf 79' lang='lat' dir='ltr'>et,</span> <span class='ocrx_word' id='word_1_15' title='bbox 389 461 510 516; x_wconf 90' lang='lat' dir='ltr'>quod</span> <span class='ocrx_word' id='word_1_16' title='bbox 531 461 878 515; x_wconf 83' lang='lat' dir='ltr'>indignissimum</span> <span class='ocrx_word' id='word_1_17' title='bbox 896 462 1128 510; x_wconf 89' lang='lat' dir='ltr'>videretur,</span> <span class='ocrx_word' id='word_1_18' title='bbox 1148 461 1257 502; x_wconf 89' lang='lat' dir='ltr'>tanti</span> <span class='ocrx_word' id='word_1_19' title='bbox 1277 460 1467 500; x_wconf 89' lang='lat' dir='ltr'>numinis</span> <span class='ocrx_word' id='word_1_20' title='bbox 1485 461 1633 502; x_wconf 86' lang='lat' dir='ltr'>Deum</span> <span class='ocrx_word' id='word_1_21' title='bbox 1648 474 1755 502; x_wconf 90' lang='lat' dir='ltr'>con-</span> 
     </span>
     <span class='ocr_line' id='line_1_4' title="bbox 308 526 1755 577; baseline -0.001 -8"><span class='ocrx_word' id='word_1_22' title='bbox 308 529 461 569; x_wconf 87' lang='lat' dir='ltr'>temtui</span> <span class='ocrx_word' id='word_1_23' title='bbox 501 528 749 569; x_wconf 83' lang='lat' dir='ltr'><strong>habuisset:</strong></span> <span class='ocrx_word' id='word_1_24' title='bbox 793 541 845 569; x_wconf 87' lang='lat' dir='ltr'>ac</span> <span class='ocrx_word' id='word_1_25' title='bbox 885 541 995 568; x_wconf 85' lang='lat' dir='ltr'>mox</span> <span class='ocrx_word' id='word_1_26' title='bbox 1036 528 1226 568; x_wconf 86' lang='lat' dir='ltr'>universi</span> <span class='ocrx_word' id='word_1_27' title='bbox 1266 527 1461 567; x_wconf 85' lang='lat' dir='ltr'>execrati</span> <span class='ocrx_word' id='word_1_28' title='bbox 1491 526 1755 577; x_wconf 83' lang='lat' dir='ltr'>deseruere,a</span> 
     </span>
     <span class='ocr_line' id='line_1_5' title="bbox 308 594 1755 648; baseline 0 -13"><span class='ocrx_word' id='word_1_29' title='bbox 308 596 366 635; x_wconf 90' lang='lat' dir='ltr'>ob</span> <span class='ocrx_word' id='word_1_30' title='bbox 386 594 540 648; x_wconf 87' lang='lat' dir='ltr'>idqne³</span> <span class='ocrx_word' id='word_1_31' title='bbox 571 599 617 636; x_wconf 85' lang='lat' dir='ltr'>et</span> <span class='ocrx_word' id='word_1_32' title='bbox 641 608 854 636; x_wconf 82' lang='lat' dir='ltr'>memores</span> <span class='ocrx_word' id='word_1_33' title='bbox 877 594 1147 643; x_wconf 81' lang='lat' dir='ltr'>Palamedis,</span> <span class='ocrx_word' id='word_1_34' title='bbox 1167 607 1295 647; x_wconf 85' lang='lat' dir='ltr'>quem</span> <span class='ocrx_word' id='word_1_35' title='bbox 1318 598 1487 646; x_wconf 83' lang='lat' dir='ltr'>gratum</span> <span class='ocrx_word' id='word_1_36' title='bbox 1507 599 1755 648; x_wconf 88' lang='lat' dir='ltr'>acceptum-</span> 
     </span>
     <span class='ocr_line' id='line_1_6' title="bbox 308 660 1755 714; baseline -0.001 -12"><span class='ocrx_word' id='word_1_37' title='bbox 308 662 457 714; x_wconf 89' lang='lat' dir='ltr'>quein</span> <span class='ocrx_word' id='word_1_38' title='bbox 479 661 695 711; x_wconf 87' lang='lat' dir='ltr'>exercitu,</span> <span class='ocrx_word' id='word_1_39' title='bbox 725 661 844 703; x_wconf 86' lang='lat' dir='ltr'>haud</span> <span class='ocrx_word' id='word_1_40' title='bbox 876 661 972 702; x_wconf 88' lang='lat' dir='ltr'>sine</span> <span class='ocrx_word' id='word_1_41' title='bbox 1004 661 1191 701; x_wconf 87' lang='lat' dir='ltr'>consilio</span> <span class='ocrx_word' id='word_1_42' title='bbox 1224 661 1334 713; x_wconf 84' lang='lat' dir='ltr'>ejus,</span> <span class='ocrx_word' id='word_1_43' title='bbox 1359 660 1597 701; x_wconf 85' lang='lat' dir='ltr'>Diomedes</span> <span class='ocrx_word' id='word_1_44' title='bbox 1621 665 1755 714; x_wconf 84' lang='lat' dir='ltr'>atque</span> 
     </span>
     <span class='ocr_line' id='line_1_7' title="bbox 309 726 1757 782; baseline 0.001 -14"><span class='ocrx_word' id='word_1_45' title='bbox 309 728 499 782; x_wconf 89' lang='lat' dir='ltr'>Ulysses</span> <span class='ocrx_word' id='word_1_46' title='bbox 529 728 630 768; x_wconf 90' lang='lat' dir='ltr'>dolo</span> <span class='ocrx_word' id='word_1_47' title='bbox 662 729 1002 769; x_wconf 88' lang='lat' dir='ltr'>circumventum</span> <span class='ocrx_word' id='word_1_48' title='bbox 1032 728 1324 768; x_wconf 84' lang='lat' dir='ltr'>necavissent.</span> <span class='ocrx_word' id='word_1_49' title='bbox 1382 727 1582 768; x_wconf 84' lang='lat' dir='ltr'>Ceterum</span> <span class='ocrx_word' id='word_1_50' title='bbox 1603 726 1757 769; x_wconf 90' lang='lat' dir='ltr'>Achil-</span> 
     </span>
     <span class='ocr_line' id='line_1_8' title="bbox 308 794 1755 848; baseline 0.001 -14"><span class='ocrx_word' id='word_1_51' title='bbox 308 795 374 835; x_wconf 90' lang='lat' dir='ltr'>les</span> <span class='ocrx_word' id='word_1_52' title='bbox 393 796 436 836; x_wconf 90' lang='lat' dir='ltr'>in</span> <span class='ocrx_word' id='word_1_53' title='bbox 457 809 530 837; x_wconf 89' lang='lat' dir='ltr'>ore</span> <span class='ocrx_word' id='word_1_54' title='bbox 544 796 735 836; x_wconf 88' lang='lat' dir='ltr'>omnium</span> <span class='ocrx_word' id='word_1_55' title='bbox 751 794 1004 848; x_wconf 82' lang='lat' dir='ltr'>ipsumqueb</span> <span class='ocrx_word' id='word_1_56' title='bbox 1018 800 1063 836; x_wconf 88' lang='lat' dir='ltr'>et</span> <span class='ocrx_word' id='word_1_57' title='bbox 1080 794 1329 835; x_wconf 82' lang='lat' dir='ltr'>Menelaum</span> <span class='ocrx_word' id='word_1_58' title='bbox 1345 794 1620 835; x_wconf 84' lang='lat' dir='ltr'>contumeliis</span> <span class='ocrx_word' id='word_1_59' title='bbox 1639 795 1755 836; x_wconf 86' lang='lat' dir='ltr'>lace-</span> 
     </span>
     <span class='ocr_line' id='line_1_9' title="bbox 309 860 1758 916; baseline 0.001 -14"><span class='ocrx_word' id='word_1_60' title='bbox 309 863 450 903; x_wconf 87' lang='lat' dir='ltr'>rabat.</span> <span class='ocrx_word' id='word_1_61' title='bbox 488 863 599 916; x_wconf 66' lang='lat'>[30]</span> <span class='ocrx_word' id='word_1_62' title='bbox 622 862 761 915; x_wconf 78' lang='lat' dir='ltr'>Igitur</span> <span class='ocrx_word' id='word_1_63' title='bbox 782 861 972 916; x_wconf 88' lang='lat' dir='ltr'>Chryses</span> <span class='ocrx_word' id='word_1_64' title='bbox 993 862 1068 902; x_wconf 89' lang='lat' dir='ltr'>ubi</span> <span class='ocrx_word' id='word_1_65' title='bbox 1085 861 1284 915; x_wconf 88' lang='lat' dir='ltr'>injuriam</span> <span class='ocrx_word' id='word_1_66' title='bbox 1306 874 1546 914; x_wconf 89' lang='lat' dir='ltr'>perpessus</span> <span class='ocrx_word' id='word_1_67' title='bbox 1566 862 1622 902; x_wconf 84' lang='lat' dir='ltr'>ab</span> <span class='ocrx_word' id='word_1_68' title='bbox 1637 860 1758 914; x_wconf 85' lang='lat' dir='ltr'>Aga-</span> 
     </span>
     <span class='ocr_line' id='line_1_10' title="bbox 310 927 1756 981; baseline 0 -12"><span class='ocrx_word' id='word_1_69' title='bbox 310 942 539 969; x_wconf 85' lang='lat' dir='ltr'>memnone</span> <span class='ocrx_word' id='word_1_70' title='bbox 570 929 748 969; x_wconf 86' lang='lat' dir='ltr'>domum</span> <span class='ocrx_word' id='word_1_71' title='bbox 785 928 1029 978; x_wconf 82' lang='lat' dir='ltr'>discessit,4</span> <span class='ocrx_word' id='word_1_72' title='bbox 1059 941 1200 981; x_wconf 86' lang='lat' dir='ltr'>neque</span> <span class='ocrx_word' id='word_1_73' title='bbox 1232 929 1355 968; x_wconf 87' lang='lat' dir='ltr'>multi</span> <span class='ocrx_word' id='word_1_74' title='bbox 1387 927 1611 969; x_wconf 83' lang='lat' dir='ltr'>fluxerunt</span> <span class='ocrx_word' id='word_1_75' title='bbox 1644 928 1756 978; x_wconf 86' lang='lat' dir='ltr'>dies,</span> 
     </span>
     <span class='ocr_line' id='line_1_11' title="bbox 310 992 1758 1047; baseline 0 -12"><span class='ocrx_word' id='word_1_76' title='bbox 310 996 523 1036; x_wconf 87' lang='lat' dir='ltr'>incertum</span> <span class='ocrx_word' id='word_1_77' title='bbox 539 996 681 1036; x_wconf 91' lang='lat' dir='ltr'>alione</span> <span class='ocrx_word' id='word_1_78' title='bbox 705 1008 827 1044; x_wconf 88' lang='lat' dir='ltr'>casu,</span> <span class='ocrx_word' id='word_1_79' title='bbox 848 1007 920 1044; x_wconf 89' lang='lat' dir='ltr'>an,</span> <span class='ocrx_word' id='word_1_80' title='bbox 939 995 1003 1034; x_wconf 84' lang='lat' dir='ltr'>uti</span> <span class='ocrx_word' id='word_1_81' title='bbox 1025 995 1226 1034; x_wconf 84' lang='lat' dir='ltr'>omnibus</span> <span class='ocrx_word' id='word_1_82' title='bbox 1242 994 1486 1043; x_wconf 85' lang='lat' dir='ltr'>videbatur,</span> <span class='ocrx_word' id='word_1_83' title='bbox 1503 994 1568 1034; x_wconf 85' lang='lat' dir='ltr'>ira</span> <span class='ocrx_word' id='word_1_84' title='bbox 1583 992 1758 1047; x_wconf 89' lang='lat' dir='ltr'>Apolli-</span> 
     </span>
     <span class='ocr_line' id='line_1_12' title="bbox 309 1060 1758 1114; baseline 0 -12"><span class='ocrx_word' id='word_1_85' title='bbox 309 1062 392 1110; x_wconf 89' lang='lat' dir='ltr'>nis,</span> <span class='ocrx_word' id='word_1_86' title='bbox 412 1063 590 1102; x_wconf 83' lang='lat' dir='ltr'>morbus</span> <span class='ocrx_word' id='word_1_87' title='bbox 613 1062 899 1114; x_wconf 79' lang='lat' dir='ltr'>gravissimus</span> <span class='ocrx_word' id='word_1_88' title='bbox 918 1061 1157 1102; x_wconf 79' lang='lat' dir='ltr'>exercitum</span> <span class='ocrx_word' id='word_1_89' title='bbox 1178 1061 1375 1108; x_wconf 84' lang='lat' dir='ltr'>invadit‚⁵</span> <span class='ocrx_word' id='word_1_90' title='bbox 1398 1060 1617 1114; x_wconf 85' lang='lat' dir='ltr'>principio</span> <span class='ocrx_word' id='word_1_91' title='bbox 1639 1074 1758 1113; x_wconf 85' lang='lat' dir='ltr'>gras-</span> 
     </span>
     <span class='ocr_line' id='line_1_13' title="bbox 311 1127 1760 1182; baseline -0.001 -14"><span class='ocrx_word' id='word_1_92' title='bbox 311 1128 436 1168; x_wconf 85' lang='lat' dir='ltr'>sandi</span> <span class='ocrx_word' id='word_1_93' title='bbox 457 1127 574 1168; x_wconf 85' lang='lat' dir='ltr'>facto</span> <span class='ocrx_word' id='word_1_94' title='bbox 591 1141 618 1169; x_wconf 90' lang='lat' dir='ltr'>a</span> <span class='ocrx_word' id='word_1_95' title='bbox 637 1129 868 1182; x_wconf 80' lang='lat' dir='ltr'>pecoribus</span> <span class='ocrx_word' id='word_1_96' title='bbox 882 1133 912 1168; x_wconf 91' lang='lat' dir='ltr'>:c</span> <span class='ocrx_word' id='word_1_97' title='bbox 933 1127 1061 1168; x_wconf 78' lang='lat' dir='ltr'>dein⁶</span> <span class='ocrx_word' id='word_1_98' title='bbox 1082 1128 1197 1169; x_wconf 91' lang='lat' dir='ltr'>malo</span> <span class='ocrx_word' id='word_1_99' title='bbox 1217 1128 1429 1181; x_wconf 80' lang='lat' dir='ltr'>paulatim</span> <span class='ocrx_word' id='word_1_100' title='bbox 1445 1127 1583 1180; x_wconf 83' lang='lat' dir='ltr'>magis</span> <span class='ocrx_word' id='word_1_101' title='bbox 1599 1128 1760 1180; x_wconf 84' lang='lat' dir='ltr'>magis·</span> 
     </span>
     <span class='ocr_line' id='line_1_14' title="bbox 311 1193 1759 1248; baseline 0.001 -14"><span class='ocrx_word' id='word_1_102' title='bbox 311 1207 397 1248; x_wconf 89' lang='lat' dir='ltr'>que</span> <span class='ocrx_word' id='word_1_103' title='bbox 417 1194 756 1246; x_wconf 85' lang='lat' dir='ltr'>ingravescente,</span> <span class='ocrx_word' id='word_1_104' title='bbox 782 1207 858 1247; x_wconf 89' lang='lat' dir='ltr'>per</span> <span class='ocrx_word' id='word_1_105' title='bbox 877 1194 1078 1234; x_wconf 85' lang='lat' dir='ltr'>homines</span> <span class='ocrx_word' id='word_1_106' title='bbox 1100 1194 1372 1247; x_wconf 73' lang='lat' dir='ltr'>dispergitur.</span> <span class='ocrx_word' id='word_1_107' title='bbox 1430 1193 1544 1234; x_wconf 90' lang='lat' dir='ltr'>Tum</span> <span class='ocrx_word' id='word_1_108' title='bbox 1566 1207 1670 1234; x_wconf 91' lang='lat' dir='ltr'>vero</span> <span class='ocrx_word' id='word_1_109' title='bbox 1690 1195 1759 1235; x_wconf 88' lang='lat' dir='ltr'>vis</span> 
     </span>
     <span class='ocr_line' id='line_1_15' title="bbox 311 1260 1758 1314; baseline 0 -12"><span class='ocrx_word' id='word_1_110' title='bbox 311 1274 473 1313; x_wconf 85' lang='lat' dir='ltr'>magna</span> <span class='ocrx_word' id='word_1_111' title='bbox 491 1261 738 1302; x_wconf 84' lang='lat' dir='ltr'>mortalium</span> <span class='ocrx_word' id='word_1_112' title='bbox 763 1261 1018 1314; x_wconf 85' lang='lat' dir='ltr'>corporibus</span> <span class='ocrx_word' id='word_1_113' title='bbox 1038 1261 1230 1312; x_wconf 82' lang='lat' dir='ltr'>fatigatis</span> <span class='ocrx_word' id='word_1_114' title='bbox 1252 1260 1464 1314; x_wconf 84' lang='lat' dir='ltr'>pestifera</span> <span class='ocrx_word' id='word_1_115' title='bbox 1485 1261 1758 1313; x_wconf 83' lang='lat' dir='ltr'>aegritudine,</span> 
     </span>
     <span class='ocr_line' id='line_1_16' title="bbox 311 1326 1760 1381; baseline 0 -13"><span class='ocrx_word' id='word_1_116' title='bbox 311 1327 488 1368; x_wconf 85' lang='lat' dir='ltr'>infando</span> <span class='ocrx_word' id='word_1_117' title='bbox 511 1327 567 1368; x_wconf 92' lang='lat' dir='ltr'>ad</span> <span class='ocrx_word' id='word_1_118' title='bbox 586 1333 848 1381; x_wconf 86' lang='lat' dir='ltr'>postremum</span> <span class='ocrx_word' id='word_1_119' title='bbox 872 1327 1015 1367; x_wconf 84' lang='lat' dir='ltr'>exitio</span> <span class='ocrx_word' id='word_1_120' title='bbox 1034 1326 1274 1368; x_wconf 81' lang='lat' dir='ltr'>interibat.*</span> <span class='ocrx_word' id='word_1_121' title='bbox 1318 1327 1406 1369; x_wconf 89' lang='lat' dir='ltr'>Sed</span> <span class='ocrx_word' id='word_1_122' title='bbox 1423 1340 1570 1380; x_wconf 86' lang='lat' dir='ltr'>regum</span> <span class='ocrx_word' id='word_1_123' title='bbox 1584 1329 1760 1369; x_wconf 91' lang='lat' dir='ltr'>omnino</span> 
     </span>
     <span class='ocr_line' id='line_1_17' title="bbox 313 1393 1760 1448; baseline 0.001 -14"><span class='ocrx_word' id='word_1_124' title='bbox 313 1394 489 1444; x_wconf 74' lang='lat' dir='ltr'>nullus,⁶</span> <span class='ocrx_word' id='word_1_125' title='bbox 520 1407 661 1448; x_wconf 89' lang='lat' dir='ltr'>neque</span> <span class='ocrx_word' id='word_1_126' title='bbox 692 1399 885 1434; x_wconf 86' lang='lat' dir='ltr'>mortuus</span> <span class='ocrx_word' id='word_1_127' title='bbox 906 1406 991 1441; x_wconf 76' lang='lat' dir='ltr'>ex†</span> <span class='ocrx_word' id='word_1_128' title='bbox 1021 1393 1105 1434; x_wconf 89' lang='lat' dir='ltr'>hoc</span> <span class='ocrx_word' id='word_1_129' title='bbox 1133 1394 1305 1443; x_wconf 90' lang='lat' dir='ltr'>morbo,</span> <span class='ocrx_word' id='word_1_130' title='bbox 1325 1407 1469 1448; x_wconf 88' lang='lat' dir='ltr'>neque</span> <span class='ocrx_word' id='word_1_131' title='bbox 1490 1397 1760 1435; x_wconf 84' lang='lat' dir='ltr'>attentatus⁷</span> 
     </span>
     <span class='ocr_line' id='line_1_18' title="bbox 312 1459 1760 1514; baseline 0.001 -13"><span class='ocrx_word' id='word_1_132' title='bbox 312 1465 396 1502; x_wconf 85' lang='lat' dir='ltr'>est.</span> <span class='ocrx_word' id='word_1_133' title='bbox 457 1459 660 1501; x_wconf 83' lang='lat' dir='ltr'>Ceterum</span> <span class='ocrx_word' id='word_1_134' title='bbox 701 1465 939 1514; x_wconf 84' lang='lat' dir='ltr'>postquam</span> <span class='ocrx_word' id='word_1_135' title='bbox 973 1461 1117 1501; x_wconf 89' lang='lat' dir='ltr'>nullus</span> <span class='ocrx_word' id='word_1_136' title='bbox 1157 1462 1298 1501; x_wconf 89' lang='lat' dir='ltr'>morbi</span> <span class='ocrx_word' id='word_1_137' title='bbox 1337 1461 1509 1510; x_wconf 88' lang='lat' dir='ltr'>modus,</span> <span class='ocrx_word' id='word_1_138' title='bbox 1541 1465 1586 1502; x_wconf 87' lang='lat' dir='ltr'>et</span> <span class='ocrx_word' id='word_1_139' title='bbox 1616 1461 1760 1503; x_wconf 86' lang='lat' dir='ltr'>indies</span> 
     </span>
     <span class='ocr_line' id='line_1_19' title="bbox 313 1527 1760 1582; baseline 0.001 -15"><span class='ocrx_word' id='word_1_140' title='bbox 313 1528 478 1581; x_wconf 76' lang='lat' dir='ltr'>plures⁶</span> <span class='ocrx_word' id='word_1_141' title='bbox 502 1527 750 1576; x_wconf 78' lang='lat' dir='ltr'>interibant,</span> <span class='ocrx_word' id='word_1_142' title='bbox 766 1528 912 1568; x_wconf 89' lang='lat' dir='ltr'>cuncti</span> <span class='ocrx_word' id='word_1_143' title='bbox 933 1527 1086 1576; x_wconf 92' lang='lat' dir='ltr'>duces,</span> <span class='ocrx_word' id='word_1_144' title='bbox 1106 1539 1320 1568; x_wconf 89' lang='lat' dir='ltr'>converso</span> <span class='ocrx_word' id='word_1_145' title='bbox 1333 1527 1428 1581; x_wconf 83' lang='lat' dir='ltr'>jam</span> <span class='ocrx_word' id='word_1_146' title='bbox 1447 1528 1493 1568; x_wconf 93' lang='lat' dir='ltr'>in</span> <span class='ocrx_word' id='word_1_147' title='bbox 1513 1541 1560 1568; x_wconf 89' lang='lat' dir='ltr'>se</span> <span class='ocrx_word' id='word_1_148' title='bbox 1572 1528 1760 1582; x_wconf 86' lang='lat' dir='ltr'>quisque</span> 
     </span>
     <span class='ocr_line' id='line_1_20' title="bbox 311 1593 1761 1649; baseline 0 -14"><span class='ocrx_word' id='word_1_149' title='bbox 311 1595 479 1644; x_wconf 88' lang='lat' dir='ltr'>timore,</span> <span class='ocrx_word' id='word_1_150' title='bbox 501 1595 545 1635; x_wconf 92' lang='lat' dir='ltr'>in</span> <span class='ocrx_word' id='word_1_151' title='bbox 568 1607 699 1635; x_wconf 88' lang='lat' dir='ltr'>unum</span> <span class='ocrx_word' id='word_1_152' title='bbox 722 1594 907 1635; x_wconf 62' lang='lat' dir='ltr'>cocunt:</span> <span class='ocrx_word' id='word_1_153' title='bbox 939 1607 992 1635; x_wconf 90' lang='lat' dir='ltr'>ac</span> <span class='ocrx_word' id='word_1_154' title='bbox 1012 1594 1113 1635; x_wconf 92' lang='lat' dir='ltr'>dein</span> <span class='ocrx_word' id='word_1_155' title='bbox 1135 1593 1329 1647; x_wconf 82' lang='lat' dir='ltr'>flagitare</span> <span class='ocrx_word' id='word_1_156' title='bbox 1348 1594 1607 1644; x_wconf 81' lang='lat' dir='ltr'>Calchanta,</span> <span class='ocrx_word' id='word_1_157' title='bbox 1628 1607 1761 1649; x_wconf 90' lang='lat' dir='ltr'>quem</span> 
     </span>
    </p>
   </div>
   <div class='ocr_carea' id='block_1_3' title="bbox 919 1690 1152 1703">
    <p class='ocr_par' dir='ltr' id='par_1_3' title="bbox 919 1690 1152 1703">
     <span class='ocr_line' id='line_1_21' title="bbox 919 1690 1152 1703; baseline 0.004 -2"><span class='ocrx_word' id='word_1_158' title='bbox 919 1690 1152 1703; x_wconf 56' lang='lat' dir='ltr'>oeeooeeeeeaee</span> 
     </span>
    </p>
   </div>
   <div class='ocr_carea' id='block_1_4' title="bbox 303 1744 1763 1871">
    <p class='ocr_par' dir='ltr' id='par_1_4' title="bbox 303 1744 1763 1871">
     <span class='ocr_line' id='line_1_22' title="bbox 313 1744 1760 1785; baseline 0 -9"><span class='ocrx_word' id='word_1_159' title='bbox 313 1747 332 1775; x_wconf 81' lang='lat'><strong>3</strong></span> <span class='ocrx_word' id='word_1_160' title='bbox 371 1745 551 1776; x_wconf 84' lang='lat' dir='ltr'>Omittitur</span> <span class='ocrx_word' id='word_1_161' title='bbox 588 1745 711 1775; x_wconf 78' lang='lat' dir='ltr'>vocula</span> <span class='ocrx_word' id='word_1_162' title='bbox 747 1744 862 1785; x_wconf 81' lang='lat' dir='ltr'>quein</span> <span class='ocrx_word' id='word_1_163' title='bbox 888 1745 1079 1785; x_wconf 82' lang='lat' dir='ltr'>Delph.—4</span> <span class='ocrx_word' id='word_1_164' title='bbox 1115 1744 1239 1784; x_wconf 85' lang='lat' dir='ltr'>Delph.</span> <span class='ocrx_word' id='word_1_165' title='bbox 1267 1744 1409 1775; x_wconf 77' lang='lat' dir='ltr'>discessit</span> <span class='ocrx_word' id='word_1_166' title='bbox 1433 1745 1568 1783; x_wconf 79' lang='lat' dir='ltr'>domum,</span> <span class='ocrx_word' id='word_1_167' title='bbox 1607 1749 1644 1775; x_wconf 91' lang='lat' dir='ltr'>et</span> <span class='ocrx_word' id='word_1_168' title='bbox 1684 1754 1760 1777; x_wconf 87' lang='lat' dir='ltr'>mox</span> 
     </span>
     <span class='ocr_line' id='line_1_23' title="bbox 303 1786 1763 1827; baseline 0.001 -10"><span class='ocrx_word' id='word_1_169' title='bbox 303 1787 547 1827; x_wconf 56' lang='lat' dir='ltr'>stammana—5</span> <span class='ocrx_word' id='word_1_170' title='bbox 591 1788 715 1827; x_wconf 83' lang='lat' dir='ltr'>Delpli.</span> <span class='ocrx_word' id='word_1_171' title='bbox 766 1787 961 1817; x_wconf 75' lang='lat' dir='ltr'>invasit.-6</span> <span class='ocrx_word' id='word_1_172' title='bbox 998 1786 1122 1826; x_wconf 85' lang='lat' dir='ltr'>Delph.</span> <span class='ocrx_word' id='word_1_173' title='bbox 1163 1786 1349 1817; x_wconf 56' lang='grc' dir='ltr'>(1ε,’ῑή(Ιε.--ξιξ</span> <span class='ocrx_word' id='word_1_174' title='bbox 1386 1787 1510 1826; x_wconf 80' lang='lat' dir='ltr'>Delpli.</span> <span class='ocrx_word' id='word_1_175' title='bbox 1556 1786 1763 1818; x_wconf 79' lang='lat' dir='ltr'>interibat.—</span> 
     </span>
     <span class='ocr_line' id='line_1_24' title="bbox 314 1829 1762 1871; baseline -0.001 -9"><span class='ocrx_word' id='word_1_176' title='bbox 314 1835 327 1863; x_wconf 89' lang='lat'>†</span> <span class='ocrx_word' id='word_1_177' title='bbox 346 1830 474 1871; x_wconf 87' lang='lat' dir='ltr'>Delph.</span> <span class='ocrx_word' id='word_1_178' title='bbox 489 1840 554 1861; x_wconf 90' lang='lat' dir='ltr'>om.</span> <span class='ocrx_word' id='word_1_179' title='bbox 571 1840 611 1861; x_wconf 82' lang='lat' dir='ltr'>ex</span> <span class='ocrx_word' id='word_1_180' title='bbox 623 1840 635 1866; x_wconf 90' lang='grc'><strong><em>;</em></strong></span> <span class='ocrx_word' id='word_1_181' title='bbox 659 1838 736 1860; x_wconf 86' lang='lat' dir='ltr'>mox</span> <span class='ocrx_word' id='word_1_182' title='bbox 750 1829 833 1870; x_wconf 82' lang='lat' dir='ltr'>legit</span> <span class='ocrx_word' id='word_1_183' title='bbox 849 1830 1078 1860; x_wconf 76' lang='lat' dir='ltr'>intereunt.—7</span> <span class='ocrx_word' id='word_1_184' title='bbox 1099 1829 1222 1870; x_wconf 85' lang='lat' dir='ltr'>Delph.</span> <span class='ocrx_word' id='word_1_185' title='bbox 1233 1831 1446 1861; x_wconf 56' lang='lat' dir='ltr'>tentatus—8</span> <span class='ocrx_word' id='word_1_186' title='bbox 1463 1829 1588 1870; x_wconf 83' lang='lat' dir='ltr'>Delph.</span> <span class='ocrx_word' id='word_1_187' title='bbox 1602 1829 1762 1861; x_wconf 77' lang='lat' dir='ltr'>edisseret.</span> 
     </span>
    </p>
   </div>
   <div class='ocr_carea' id='block_1_5' title="bbox 970 1925 1112 1956">
    <p class='ocr_par' dir='ltr' id='par_1_5' title="bbox 970 1925 1112 1956">
     <span class='ocr_line' id='line_1_25' title="bbox 970 1925 1112 1956; baseline -0.007 0"><span class='ocrx_word' id='word_1_188' title='bbox 970 1925 1112 1956; x_wconf 74' lang='lat' dir='ltr'>NOTAE</span> 
     </span>
    </p>
   </div>
   <div class='ocr_carea' id='block_1_6' title="bbox 311 1976 1763 2018">
    <p class='ocr_par' dir='ltr' id='par_1_6' title="bbox 311 1976 1763 2018">
     <span class='ocr_line' id='line_1_26' title="bbox 311 1976 1763 2018; baseline 0.001 -11"><span class='ocrx_word' id='word_1_189' title='bbox 311 1976 428 2008; x_wconf 78' lang='lat' dir='ltr'>‘adire</span> <span class='ocrx_word' id='word_1_190' title='bbox 456 1977 625 2018; x_wconf 68' lang='lat' dir='ltr'>aliquem:</span> <span class='ocrx_word' id='word_1_191' title='bbox 684 1978 766 2009; x_wconf 78' lang='lat' dir='ltr'>Ter.</span> <span class='ocrx_word' id='word_1_192' title='bbox 795 1977 885 2010; x_wconf 86' lang='lat' dir='ltr'>And.</span> <span class='ocrx_word' id='word_1_193' title='bbox 913 1987 952 2009; x_wconf 82' lang='grc' dir='ltr'>ιι.</span> <span class='ocrx_word' id='word_1_194' title='bbox 981 1982 1011 2010; x_wconf 87' lang='lat' dir='ltr'>l.</span> <span class='ocrx_word' id='word_1_195' title='bbox 1066 1979 1199 2018; x_wconf 80' lang='lat' dir='ltr'>Dictys.</span> <span class='ocrx_word' id='word_1_196' title='bbox 1238 1979 1279 2010; x_wconf 87' lang='lat' dir='ltr'>Et</span> <span class='ocrx_word' id='word_1_197' title='bbox 1297 1988 1410 2009; x_wconf 83' lang='lat' dir='ltr'>verum</span> <span class='ocrx_word' id='word_1_198' title='bbox 1427 1982 1479 2009; x_wconf 81' lang='lat' dir='ltr'>est</span> <span class='ocrx_word' id='word_1_199' title='bbox 1499 1977 1673 2009; x_wconf 84' lang='lat' dir='ltr'>ductorem</span> <span class='ocrx_word' id='word_1_200' title='bbox 1689 1978 1763 2009; x_wconf 87' lang='lat' dir='ltr'>nul-</span> 
     </span>
    </p>
   </div>
   <div class='ocr_carea' id='block_1_7' title="bbox 312 2025 1017 2863">
    <p class='ocr_par' dir='ltr' id='par_1_7' title="bbox 312 2025 1012 2167">
     <span class='ocr_line' id='line_1_27' title="bbox 312 2025 1011 2059; baseline 0.003 -3"><span class='ocrx_word' id='word_1_201' title='bbox 312 2029 323 2043; x_wconf 80' lang='lat'>‘</span> <span class='ocrx_word' id='word_1_202' title='bbox 337 2025 426 2059; x_wconf 81' lang='lat' dir='ltr'>Quid</span> <span class='ocrx_word' id='word_1_203' title='bbox 445 2026 507 2057; x_wconf 90' lang='lat' dir='ltr'>tibi</span> <span class='ocrx_word' id='word_1_204' title='bbox 524 2027 682 2057; x_wconf 85' lang='lat' dir='ltr'>videtur?</span> <span class='ocrx_word' id='word_1_205' title='bbox 706 2027 824 2058; x_wconf 89' lang='lat' dir='ltr'>adeon’</span> <span class='ocrx_word' id='word_1_206' title='bbox 841 2027 883 2057; x_wconf 90' lang='lat' dir='ltr'>ad</span> <span class='ocrx_word' id='word_1_207' title='bbox 902 2037 977 2058; x_wconf 91' lang='lat' dir='ltr'>eum</span> <span class='ocrx_word' id='word_1_208' title='bbox 990 2028 1011 2058; x_wconf 84' lang='lat'>?’</span> 
     </span>
     <span class='ocr_line' id='line_1_28' title="bbox 357 2076 1012 2116; baseline 0.005 -10"><span class='ocrx_word' id='word_1_209' title='bbox 357 2079 372 2096; x_wconf 77' lang='lat'>⁸</span> <span class='ocrx_word' id='word_1_210' title='bbox 393 2076 581 2116; x_wconf 82' lang='lat' dir='ltr'>Deseruere]</span> <span class='ocrx_word' id='word_1_211' title='bbox 618 2077 695 2108; x_wconf 88' lang='lat' dir='ltr'>Hoc</span> <span class='ocrx_word' id='word_1_212' title='bbox 710 2086 752 2108; x_wconf 87' lang='lat' dir='ltr'>ex</span> <span class='ocrx_word' id='word_1_213' title='bbox 768 2087 803 2108; x_wconf 83' lang='lat' dir='ltr'>se</span> <span class='ocrx_word' id='word_1_214' title='bbox 820 2077 903 2108; x_wconf 89' lang='lat' dir='ltr'>dicit</span> <span class='ocrx_word' id='word_1_215' title='bbox 931 2077 1012 2109; x_wconf 92' lang='lat' dir='ltr'>Dic-</span> 
     </span>
     <span class='ocr_line' id='line_1_29' title="bbox 317 2126 731 2167; baseline 0 -10"><span class='ocrx_word' id='word_1_216' title='bbox 317 2130 383 2167; x_wconf 74' lang='lat' dir='ltr'>ty5‚</span> <span class='ocrx_word' id='word_1_217' title='bbox 399 2130 435 2157; x_wconf 85' lang='lat' dir='ltr'>et</span> <span class='ocrx_word' id='word_1_218' title='bbox 451 2130 573 2157; x_wconf 85' lang='lat' dir='ltr'>contra</span> <span class='ocrx_word' id='word_1_219' title='bbox 590 2126 731 2157; x_wconf 81' lang='lat' dir='ltr'>Homer.</span> 
     </span>
    </p>

    <p class='ocr_par' dir='ltr' id='par_1_8' title="bbox 355 2176 896 2216">
     <span class='ocr_line' id='line_1_30' title="bbox 355 2176 896 2216; baseline 0.004 -10"><span class='ocrx_word' id='word_1_220' title='bbox 355 2176 370 2197; x_wconf 75' lang='lat' dir='ltr'>b</span> <span class='ocrx_word' id='word_1_221' title='bbox 394 2176 572 2216; x_wconf 78' lang='lat' dir='ltr'>Ipsumque]</span> <span class='ocrx_word' id='word_1_222' title='bbox 598 2177 896 2216; x_wconf 80' lang='lat' dir='ltr'>Agamemnonem.</span> 
     </span>
    </p>

    <p class='ocr_par' dir='ltr' id='par_1_9' title="bbox 313 2225 1016 2762">
     <span class='ocr_line' id='line_1_31' title="bbox 355 2225 1014 2266; baseline 0.002 -10"><span class='ocrx_word' id='word_1_223' title='bbox 355 2229 370 2246; x_wconf 86' lang='lat' dir='ltr'>e</span> <span class='ocrx_word' id='word_1_224' title='bbox 396 2226 556 2265; x_wconf 82' lang='lat' dir='ltr'>Principio</span> <span class='ocrx_word' id='word_1_225' title='bbox 576 2226 744 2265; x_wconf 80' lang='lat' dir='ltr'>grassandi</span> <span class='ocrx_word' id='word_1_226' title='bbox 761 2225 850 2264; x_wconf 82' lang='lat' dir='ltr'>facto</span> <span class='ocrx_word' id='word_1_227' title='bbox 865 2236 885 2256; x_wconf 84' lang='lat' dir='ltr'>a</span> <span class='ocrx_word' id='word_1_228' title='bbox 898 2227 1014 2266; x_wconf 83' lang='lat' dir='ltr'>pecori-</span> 
     </span>
     <span class='ocr_line' id='line_1_32' title="bbox 313 2274 1014 2316; baseline 0.006 -13"><span class='ocrx_word' id='word_1_229' title='bbox 313 2274 384 2314; x_wconf 76' lang='lat' dir='ltr'>bus]</span> <span class='ocrx_word' id='word_1_230' title='bbox 409 2275 460 2306; x_wconf 84' lang='lat' dir='ltr'>Ex</span> <span class='ocrx_word' id='word_1_231' title='bbox 478 2276 651 2306; x_wconf 86' lang='lat' dir='ltr'>Homero:</span> <span class='ocrx_word' id='word_1_232' title='bbox 675 2276 794 2315; x_wconf 80' lang='grc' dir='ltr'>Οὐρῆας</span> <span class='ocrx_word' id='word_1_233' title='bbox 814 2275 872 2314; x_wconf 85' lang='grc' dir='ltr'>μὲν</span> <span class='ocrx_word' id='word_1_234' title='bbox 895 2278 1014 2316; x_wconf 79' lang='grc' dir='ltr'>πρῶτον</span> 
     </span>
     <span class='ocr_line' id='line_1_33' title="bbox 316 2322 1013 2364; baseline 0.003 -10"><span class='ocrx_word' id='word_1_235' title='bbox 316 2322 473 2362; x_wconf 77' lang='grc' dir='ltr'>ἐπῴχετο,</span> <span class='ocrx_word' id='word_1_236' title='bbox 489 2323 540 2355; x_wconf 80' lang='grc' dir='ltr'>καὶ</span> <span class='ocrx_word' id='word_1_237' title='bbox 556 2323 649 2356; x_wconf 85' lang='grc' dir='ltr'>κύνας</span> <span class='ocrx_word' id='word_1_238' title='bbox 665 2324 789 2364; x_wconf 61' lang='lat' dir='ltr'>timeus,</span> <span class='ocrx_word' id='word_1_239' title='bbox 801 2324 903 2364; x_wconf 77' lang='grc' dir='ltr'>Αὐτὰρ</span> <span class='ocrx_word' id='word_1_240' title='bbox 918 2325 1013 2356; x_wconf 77' lang='grc' dir='ltr'>ἔπειτ’</span> 
     </span>
     <span class='ocr_line' id='line_1_34' title="bbox 315 2373 1015 2414; baseline 0.003 -10"><span class='ocrx_word' id='word_1_241' title='bbox 315 2374 437 2405; x_wconf 80' lang='grc' dir='ltr'>αὐτοῖσι</span> <span class='ocrx_word' id='word_1_242' title='bbox 461 2373 557 2410; x_wconf 82' lang='grc' dir='ltr'>βέλος</span> <span class='ocrx_word' id='word_1_243' title='bbox 579 2373 746 2413; x_wconf 78' lang='grc' dir='ltr'>ἐχεπευκὲς</span> <span class='ocrx_word' id='word_1_244' title='bbox 768 2373 878 2414; x_wconf 73' lang='grc' dir='ltr'>ἀφιεὶς,</span> <span class='ocrx_word' id='word_1_245' title='bbox 904 2373 1015 2406; x_wconf 79' lang='grc' dir='ltr'>Βάλλ’·</span> 
     </span>
     <span class='ocr_line' id='line_1_35' title="bbox 316 2422 1016 2464; baseline 0.003 -10"><span class='ocrx_word' id='word_1_246' title='bbox 316 2423 376 2454; x_wconf 80' lang='grc' dir='ltr'>αιέὶ</span> <span class='ocrx_word' id='word_1_247' title='bbox 406 2423 441 2455; x_wconf 83' lang='grc' dir='ltr'>δὲ</span> <span class='ocrx_word' id='word_1_248' title='bbox 469 2423 559 2464; x_wconf 81' lang='grc' dir='ltr'>πυραὶ</span> <span class='ocrx_word' id='word_1_249' title='bbox 590 2422 704 2455; x_wconf 85' lang='grc' dir='ltr'>νεκύων</span> <span class='ocrx_word' id='word_1_250' title='bbox 733 2423 856 2455; x_wconf 75' lang='grc' dir='ltr'>καίοντο</span> <span class='ocrx_word' id='word_1_251' title='bbox 886 2425 1016 2463; x_wconf 81' lang='grc' dir='ltr'>θαμειαί.</span> 
     </span>
     <span class='ocr_line' id='line_1_36' title="bbox 315 2473 1016 2515; baseline 0.001 -10"><span class='ocrx_word' id='word_1_252' title='bbox 315 2475 324 2490; x_wconf 91' lang='lat'>‘</span> <span class='ocrx_word' id='word_1_253' title='bbox 343 2475 455 2505; x_wconf 89' lang='lat' dir='ltr'>Mulos</span> <span class='ocrx_word' id='word_1_254' title='bbox 485 2473 621 2515; x_wconf 90' lang='lat' dir='ltr'>quidem</span> <span class='ocrx_word' id='word_1_255' title='bbox 653 2474 796 2514; x_wconf 86' lang='lat' dir='ltr'>primum</span> <span class='ocrx_word' id='word_1_256' title='bbox 821 2474 956 2514; x_wconf 77' lang='lat' dir='ltr'>invasit,</span> <span class='ocrx_word' id='word_1_257' title='bbox 980 2479 1016 2506; x_wconf 85' lang='lat' dir='ltr'>et</span> 
     </span>
     <span class='ocr_line' id='line_1_37' title="bbox 317 2523 1015 2564; baseline 0 -9"><span class='ocrx_word' id='word_1_258' title='bbox 317 2533 418 2555; x_wconf 79' lang='lat' dir='ltr'>canes</span> <span class='ocrx_word' id='word_1_259' title='bbox 445 2524 593 2562; x_wconf 83' lang='lat' dir='ltr'>veloces,</span> <span class='ocrx_word' id='word_1_260' title='bbox 625 2523 695 2554; x_wconf 87' lang='lat' dir='ltr'>Sed</span> <span class='ocrx_word' id='word_1_261' title='bbox 724 2527 843 2564; x_wconf 84' lang='lat' dir='ltr'>postea</span> <span class='ocrx_word' id='word_1_262' title='bbox 864 2523 898 2554; x_wconf 94' lang='lat' dir='ltr'>in</span> <span class='ocrx_word' id='word_1_263' title='bbox 924 2524 1015 2564; x_wconf 83' lang='lat' dir='ltr'>ipsos</span> 
     </span>
     <span class='ocr_line' id='line_1_38' title="bbox 317 2571 1015 2612; baseline 0 -8"><span class='ocrx_word' id='word_1_264' title='bbox 317 2573 468 2604; x_wconf 82' lang='lat' dir='ltr'>homines</span> <span class='ocrx_word' id='word_1_265' title='bbox 486 2572 646 2612; x_wconf 83' lang='lat' dir='ltr'>sagittam</span> <span class='ocrx_word' id='word_1_266' title='bbox 663 2571 875 2604; x_wconf 86' lang='lat' dir='ltr'>mortiferam</span> <span class='ocrx_word' id='word_1_267' title='bbox 893 2574 1015 2604; x_wconf 80' lang='lat' dir='ltr'>inimit-</span> 
     </span>
     <span class='ocr_line' id='line_1_39' title="bbox 317 2622 1016 2664; baseline 0.003 -12"><span class='ocrx_word' id='word_1_268' title='bbox 317 2622 634 2662; x_wconf 79' lang='lat' dir='ltr'>tensjacutabatur.</span> <span class='ocrx_word' id='word_1_269' title='bbox 666 2622 808 2662; x_wconf 87' lang='lat' dir='ltr'>Semper</span> <span class='ocrx_word' id='word_1_270' title='bbox 824 2628 937 2654; x_wconf 86' lang='lat' dir='ltr'>autem</span> <span class='ocrx_word' id='word_1_271' title='bbox 957 2633 1016 2664; x_wconf 83' lang='lat' dir='ltr'>py-</span> 
     </span>
     <span class='ocr_line' id='line_1_40' title="bbox 320 2671 1014 2705; baseline 0.004 -3"><span class='ocrx_word' id='word_1_272' title='bbox 320 2681 366 2702; x_wconf 80' lang='lat' dir='ltr'>rae</span> <span class='ocrx_word' id='word_1_273' title='bbox 397 2676 605 2702; x_wconf 86' lang='lat' dir='ltr'>mortuorum</span> <span class='ocrx_word' id='word_1_274' title='bbox 640 2671 913 2704; x_wconf 84' lang='lat' dir='ltr'>incendebantur</span> <span class='ocrx_word' id='word_1_275' title='bbox 946 2673 1014 2705; x_wconf 84' lang='lat' dir='ltr'>fre-</span> 
     </span>
     <span class='ocr_line' id='line_1_41' title="bbox 323 2720 494 2762; baseline 0.006 -12"><span class='ocrx_word' id='word_1_276' title='bbox 323 2720 494 2762; x_wconf 78' lang='lat' dir='ltr'>quentei·.’</span> 
     </span>
    </p>

    <p class='ocr_par' dir='ltr' id='par_1_10' title="bbox 321 2770 1017 2863">
     <span class='ocr_line' id='line_1_42' title="bbox 361 2770 1017 2812; baseline 0.002 -11"><span class='ocrx_word' id='word_1_277' title='bbox 361 2771 374 2791; x_wconf 78' lang='lat' dir='ltr'>d</span> <span class='ocrx_word' id='word_1_278' title='bbox 399 2770 461 2802; x_wconf 79' lang='lat' dir='ltr'>Sed</span> <span class='ocrx_word' id='word_1_279' title='bbox 481 2780 589 2809; x_wconf 76' lang='lat' dir='ltr'>regum</span> <span class='ocrx_word' id='word_1_280' title='bbox 613 2771 733 2802; x_wconf 79' lang='lat' dir='ltr'>omnino</span> <span class='ocrx_word' id='word_1_281' title='bbox 758 2771 875 2811; x_wconf 78' lang='lat' dir='ltr'>nullus]</span> <span class='ocrx_word' id='word_1_282' title='bbox 898 2771 938 2802; x_wconf 84' lang='lat' dir='ltr'>In</span> <span class='ocrx_word' id='word_1_283' title='bbox 956 2781 1017 2812; x_wconf 79' lang='lat' dir='ltr'>po·</span> 
     </span>
     <span class='ocr_line' id='line_1_43' title="bbox 321 2819 1016 2863; baseline 0.007 -14"><span class='ocrx_word' id='word_1_284' title='bbox 321 2819 434 2858; x_wconf 82' lang='lat' dir='ltr'>pulum</span> <span class='ocrx_word' id='word_1_285' title='bbox 464 2825 592 2852; x_wconf 79' lang='lat' dir='ltr'>tantum</span> <span class='ocrx_word' id='word_1_286' title='bbox 621 2827 751 2861; x_wconf 79' lang='lat' dir='ltr'>pestem</span> <span class='ocrx_word' id='word_1_287' title='bbox 778 2823 941 2863; x_wconf 68' lang='lat' dir='ltr'>saeviisse,</span> <span class='ocrx_word' id='word_1_288' title='bbox 968 2822 1016 2855; x_wconf 83' lang='lat' dir='ltr'>ait</span> 
     </span>
    </p>
   </div>
   <div class='ocr_carea' id='block_1_8' title="bbox 1065 2027 1767 2815">
    <p class='ocr_par' dir='ltr' id='par_1_11' title="bbox 1065 2027 1767 2703">
     <span class='ocr_line' id='line_1_44' title="bbox 1065 2027 1761 2059; baseline 0 -1"><span class='ocrx_word' id='word_1_289' title='bbox 1065 2029 1134 2058; x_wconf 83' lang='lat' dir='ltr'>lum</span> <span class='ocrx_word' id='word_1_290' title='bbox 1158 2037 1197 2058; x_wconf 86' lang='lat' dir='ltr'>ea</span> <span class='ocrx_word' id='word_1_291' title='bbox 1222 2028 1404 2059; x_wconf 87' lang='lat' dir='ltr'>interiisse.</span> <span class='ocrx_word' id='word_1_292' title='bbox 1452 2027 1621 2059; x_wconf 85' lang='lat' dir='ltr'>Homerus</span> <span class='ocrx_word' id='word_1_293' title='bbox 1649 2031 1761 2058; x_wconf 86' lang='lat' dir='ltr'>tamen</span> 
     </span>
     <span class='ocr_line' id='line_1_45' title="bbox 1066 2076 1765 2108; baseline -0.001 0"><span class='ocrx_word' id='word_1_294' title='bbox 1066 2078 1185 2108; x_wconf 80' lang='lat' dir='ltr'>scribit</span> <span class='ocrx_word' id='word_1_295' title='bbox 1201 2087 1274 2108; x_wconf 87' lang='lat' dir='ltr'>eam</span> <span class='ocrx_word' id='word_1_296' title='bbox 1290 2078 1409 2108; x_wconf 83' lang='lat' dir='ltr'>heroas</span> <span class='ocrx_word' id='word_1_297' title='bbox 1424 2077 1548 2108; x_wconf 78' lang='lat' dir='ltr'>multos</span> <span class='ocrx_word' id='word_1_298' title='bbox 1559 2076 1653 2108; x_wconf 86' lang='lat' dir='ltr'>Orco</span> <span class='ocrx_word' id='word_1_299' title='bbox 1665 2076 1765 2107; x_wconf 89' lang='lat' dir='ltr'>dimi·</span> 
     </span>
     <span class='ocr_line' id='line_1_46' title="bbox 1066 2125 1766 2167; baseline 0 -11"><span class='ocrx_word' id='word_1_300' title='bbox 1066 2128 1163 2158; x_wconf 82' lang='lat' dir='ltr'>sisse.</span> <span class='ocrx_word' id='word_1_301' title='bbox 1206 2126 1335 2158; x_wconf 79' lang='grc' dir='ltr'>Πολλὰς</span> <span class='ocrx_word' id='word_1_302' title='bbox 1359 2127 1383 2158; x_wconf 81' lang='grc' dir='ltr'>δ’</span> <span class='ocrx_word' id='word_1_303' title='bbox 1409 2126 1547 2167; x_wconf 73' lang='grc' dir='ltr'>ἰφθίμους</span> <span class='ocrx_word' id='word_1_304' title='bbox 1575 2125 1679 2166; x_wconf 81' lang='grc' dir='ltr'>ψυχὰς</span> <span class='ocrx_word' id='word_1_305' title='bbox 1703 2125 1766 2157; x_wconf 71' lang='grc' dir='ltr'>ἄϊδι</span> 
     </span>
     <span class='ocr_line' id='line_1_47' title="bbox 1066 2174 1765 2218; baseline -0.001 -11"><span class='ocrx_word' id='word_1_306' title='bbox 1066 2176 1214 2216; x_wconf 75' lang='grc' dir='ltr'>προΐαψεν</span> <span class='ocrx_word' id='word_1_307' title='bbox 1226 2176 1359 2218; x_wconf 78' lang='grc' dir='ltr'>Ἡρώων.</span> <span class='ocrx_word' id='word_1_308' title='bbox 1398 2176 1408 2193; x_wconf 85' lang='lat'>‘</span> <span class='ocrx_word' id='word_1_309' title='bbox 1422 2176 1551 2208; x_wconf 83' lang='lat' dir='ltr'>Multas</span> <span class='ocrx_word' id='word_1_310' title='bbox 1566 2180 1679 2207; x_wconf 78' lang='lat' dir='ltr'>autem</span> <span class='ocrx_word' id='word_1_311' title='bbox 1694 2174 1765 2208; x_wconf 84' lang='lat' dir='ltr'>for-</span> 
     </span>
     <span class='ocr_line' id='line_1_48' title="bbox 1068 2224 1765 2258; baseline 0.003 -2"><span class='ocrx_word' id='word_1_312' title='bbox 1068 2231 1120 2257; x_wconf 87' lang='lat' dir='ltr'>tes</span> <span class='ocrx_word' id='word_1_313' title='bbox 1137 2226 1263 2257; x_wconf 86' lang='lat' dir='ltr'>animas</span> <span class='ocrx_word' id='word_1_314' title='bbox 1280 2225 1419 2257; x_wconf 84' lang='lat' dir='ltr'>Plutoni</span> <span class='ocrx_word' id='word_1_315' title='bbox 1439 2225 1568 2257; x_wconf 83' lang='lat' dir='ltr'>dimisit</span> <span class='ocrx_word' id='word_1_316' title='bbox 1585 2224 1765 2258; x_wconf 80' lang='lat' dir='ltr'>Heroum.&#39;</span> 
     </span>
     <span class='ocr_line' id='line_1_49' title="bbox 1067 2275 1765 2306; baseline 0 0"><span class='ocrx_word' id='word_1_317' title='bbox 1067 2275 1133 2306; x_wconf 88' lang='lat' dir='ltr'>Sed</span> <span class='ocrx_word' id='word_1_318' title='bbox 1164 2281 1312 2306; x_wconf 84' lang='lat' dir='ltr'>mortuos</span> <span class='ocrx_word' id='word_1_319' title='bbox 1342 2275 1416 2306; x_wconf 88' lang='lat' dir='ltr'>illos</span> <span class='ocrx_word' id='word_1_320' title='bbox 1445 2275 1616 2306; x_wconf 80' lang='lat' dir='ltr'>Homerus</span> <span class='ocrx_word' id='word_1_321' title='bbox 1645 2275 1765 2306; x_wconf 85' lang='lat' dir='ltr'>heroas</span> 
     </span>
     <span class='ocr_line' id='line_1_50' title="bbox 1069 2323 1765 2364; baseline 0.001 -9"><span class='ocrx_word' id='word_1_322' title='bbox 1069 2325 1166 2363; x_wconf 84' lang='lat' dir='ltr'>dicit,</span> <span class='ocrx_word' id='word_1_323' title='bbox 1188 2329 1224 2355; x_wconf 86' lang='lat' dir='ltr'>ut</span> <span class='ocrx_word' id='word_1_324' title='bbox 1250 2334 1290 2355; x_wconf 91' lang='lat' dir='ltr'>eo</span> <span class='ocrx_word' id='word_1_325' title='bbox 1316 2323 1488 2364; x_wconf 84' lang='lat' dir='ltr'>ostendat,</span> <span class='ocrx_word' id='word_1_326' title='bbox 1512 2324 1656 2356; x_wconf 85' lang='lat' dir='ltr'>Achillis</span> <span class='ocrx_word' id='word_1_327' title='bbox 1677 2325 1765 2356; x_wconf 79' lang='lat' dir='ltr'>iram</span> 
     </span>
     <span class='ocr_line' id='line_1_51' title="bbox 1069 2372 1766 2416; baseline 0.001 -11"><span class='ocrx_word' id='word_1_328' title='bbox 1069 2374 1202 2406; x_wconf 83' lang='lat' dir='ltr'>Graecis</span> <span class='ocrx_word' id='word_1_329' title='bbox 1217 2373 1446 2404; x_wconf 82' lang='lat' dir='ltr'>exitiosiorem</span> <span class='ocrx_word' id='word_1_330' title='bbox 1461 2372 1576 2411; x_wconf 83' lang='lat' dir='ltr'>fuisse,</span> <span class='ocrx_word' id='word_1_331' title='bbox 1590 2384 1652 2415; x_wconf 85' lang='lat' dir='ltr'>per</span> <span class='ocrx_word' id='word_1_332' title='bbox 1663 2383 1766 2416; x_wconf 77' lang='lat' dir='ltr'>quam</span> 
     </span>
     <span class='ocr_line' id='line_1_52' title="bbox 1070 2423 1766 2456; baseline 0.001 -1"><span class='ocrx_word' id='word_1_333' title='bbox 1070 2428 1121 2455; x_wconf 85' lang='lat' dir='ltr'>tot</span> <span class='ocrx_word' id='word_1_334' title='bbox 1137 2424 1216 2454; x_wconf 86' lang='lat' dir='ltr'>viris</span> <span class='ocrx_word' id='word_1_335' title='bbox 1234 2423 1424 2454; x_wconf 81' lang='lat' dir='ltr'>fortissimis</span> <span class='ocrx_word' id='word_1_336' title='bbox 1436 2423 1546 2454; x_wconf 85' lang='lat' dir='ltr'>orbati</span> <span class='ocrx_word' id='word_1_337' title='bbox 1563 2429 1652 2455; x_wconf 88' lang='lat' dir='ltr'>sunt.</span> <span class='ocrx_word' id='word_1_338' title='bbox 1694 2424 1766 2456; x_wconf 81' lang='lat' dir='ltr'>Hie</span> 
     </span>
     <span class='ocr_line' id='line_1_53' title="bbox 1068 2472 1765 2514; baseline 0.003 -10"><span class='ocrx_word' id='word_1_339' title='bbox 1068 2473 1162 2504; x_wconf 89' lang='lat' dir='ltr'>locus</span> <span class='ocrx_word' id='word_1_340' title='bbox 1190 2473 1331 2503; x_wconf 83' lang='lat' dir='ltr'>Homeri</span> <span class='ocrx_word' id='word_1_341' title='bbox 1358 2472 1460 2512; x_wconf 83' lang='lat' dir='ltr'>vulgo</span> <span class='ocrx_word' id='word_1_342' title='bbox 1486 2474 1573 2504; x_wconf 87' lang='lat' dir='ltr'>male</span> <span class='ocrx_word' id='word_1_343' title='bbox 1601 2478 1765 2514; x_wconf 76' lang='lat' dir='ltr'>acceptus</span> 
     </span>
     <span class='ocr_line' id='line_1_54' title="bbox 1068 2522 1767 2563; baseline 0.004 -11"><span class='ocrx_word' id='word_1_344' title='bbox 1068 2526 1130 2553; x_wconf 86' lang='lat' dir='ltr'>est.</span> <span class='ocrx_word' id='word_1_345' title='bbox 1167 2522 1290 2563; x_wconf 88' lang='lat' dir='ltr'>Neque</span> <span class='ocrx_word' id='word_1_346' title='bbox 1306 2522 1410 2553; x_wconf 85' lang='lat' dir='ltr'>etiam</span> <span class='ocrx_word' id='word_1_347' title='bbox 1426 2522 1540 2563; x_wconf 83' lang='lat' dir='ltr'>placet</span> <span class='ocrx_word' id='word_1_348' title='bbox 1554 2523 1643 2563; x_wconf 88' lang='lat' dir='ltr'>quod</span> <span class='ocrx_word' id='word_1_349' title='bbox 1663 2523 1767 2555; x_wconf 81' lang='lat' dir='ltr'>habet</span> 
     </span>
     <span class='ocr_line' id='line_1_55' title="bbox 1069 2572 1764 2608; baseline 0.003 -5"><span class='ocrx_word' id='word_1_350' title='bbox 1069 2572 1225 2604; x_wconf 80' lang='lat' dir='ltr'>Eustath.</span> <span class='ocrx_word' id='word_1_351' title='bbox 1253 2572 1398 2608; x_wconf 86' lang='lat' dir='ltr'>scilicet,</span> <span class='ocrx_word' id='word_1_352' title='bbox 1431 2572 1616 2604; x_wconf 85' lang='lat' dir='ltr'>Homerum</span> <span class='ocrx_word' id='word_1_353' title='bbox 1641 2573 1764 2605; x_wconf 83' lang='lat' dir='ltr'>heroas</span> 
     </span>
     <span class='ocr_line' id='line_1_56' title="bbox 1068 2621 1766 2663; baseline 0.001 -11"><span class='ocrx_word' id='word_1_354' title='bbox 1068 2622 1143 2653; x_wconf 85' lang='lat' dir='ltr'>illos</span> <span class='ocrx_word' id='word_1_355' title='bbox 1168 2621 1304 2662; x_wconf 85' lang='lat' dir='ltr'>dixisse,</span> <span class='ocrx_word' id='word_1_356' title='bbox 1326 2621 1414 2662; x_wconf 89' lang='lat' dir='ltr'>quod</span> <span class='ocrx_word' id='word_1_357' title='bbox 1443 2630 1506 2663; x_wconf 87' lang='lat' dir='ltr'>pro</span> <span class='ocrx_word' id='word_1_358' title='bbox 1531 2621 1643 2663; x_wconf 80' lang='lat' dir='ltr'>patria</span> <span class='ocrx_word' id='word_1_359' title='bbox 1665 2632 1766 2655; x_wconf 86' lang='lat' dir='ltr'>occu·</span> 
     </span>
     <span class='ocr_line' id='line_1_57' title="bbox 1071 2672 1216 2703; baseline -0.007 0"><span class='ocrx_word' id='word_1_360' title='bbox 1071 2672 1216 2703; x_wconf 87' lang='lat' dir='ltr'>buerint.</span> 
     </span>
    </p>

    <p class='ocr_par' dir='ltr' id='par_1_12' title="bbox 1071 2720 1765 2815">
     <span class='ocr_line' id='line_1_58' title="bbox 1112 2720 1765 2761; baseline 0.002 -9"><span class='ocrx_word' id='word_1_361' title='bbox 1112 2726 1125 2742; x_wconf 59' lang='grc' dir='ltr'>θ</span> <span class='ocrx_word' id='word_1_362' title='bbox 1148 2721 1255 2752; x_wconf 80' lang='lat' dir='ltr'>Indies</span> <span class='ocrx_word' id='word_1_363' title='bbox 1277 2720 1396 2761; x_wconf 82' lang='lat' dir='ltr'>plures]</span> <span class='ocrx_word' id='word_1_364' title='bbox 1444 2721 1514 2752; x_wconf 88' lang='lat' dir='ltr'>Per</span> <span class='ocrx_word' id='word_1_365' title='bbox 1542 2729 1661 2754; x_wconf 87' lang='lat' dir='ltr'>novem</span> <span class='ocrx_word' id='word_1_366' title='bbox 1692 2721 1765 2754; x_wconf 85' lang='lat' dir='ltr'>dies</span> 
     </span>
     <span class='ocr_line' id='line_1_59' title="bbox 1071 2774 1704 2815; baseline -0.002 -10"><span class='ocrx_word' id='word_1_367' title='bbox 1071 2777 1201 2815; x_wconf 84' lang='lat' dir='ltr'>pestem</span> <span class='ocrx_word' id='word_1_368' title='bbox 1219 2779 1414 2814; x_wconf 80' lang='lat' dir='ltr'>grassatam,</span> <span class='ocrx_word' id='word_1_369' title='bbox 1431 2774 1548 2805; x_wconf 81' lang='lat' dir='ltr'>scribit</span> <span class='ocrx_word' id='word_1_370' title='bbox 1566 2774 1704 2806; x_wconf 72' lang='lat' dir='ltr'>Homer-</span> 
     </span>
    </p>
   </div>
  </div>
 </body>
</html>
