1915 3231
255 290 340 332 252
721 301 930 332 nicTYos
964 301 1238 332 cnn'rnNffls

255 406 414 447 magna
436 393 504 435 vis
523 393 746 434 hominum
781 394 917 447 portis
939 407 1130 447 egressa,
1152 405 1326 435 summa
1345 393 1518 444 laetitia,
1538 393 1705 436 sacrifi-

256 462 414 515 cioque
450 461 611 502 donum
641 461 836 514 excipit,⁵
867 461 1131 514 attrahitque
1160 461 1347 514 propius
1376 461 1556 503 moenia.
1617 461 1705 502 Sed

255 532 488 581 postquam
519 521 816 580 magnitudine
848 528 996 581 operis
1023 528 1224 581 impediri
1255 541 1332 582 per
1361 531 1513 581 portas
1537 529 1705 581 ingres-

257 607 353 635 sum
374 593 729 644 animadvertere,
750 595 982 636 consilium
1010 595 1372 637 destruendorum
1402 594 1590 648 desuper
1608 608 1705 637 mu-

257 673 397 702 rorum
417 662 428 683 ²
458 661 651 714 capiunt,
671 673 813 714 neque
835 661 1071 715 quisquam
1091 674 1218 702 secus
1246 674 1339 714 prae
1359 661 1437 702 tali
1457 661 1606 703 studio
1627 661 1706 703 de·

256 728 473 768 cernebat.
533 727 606 767 Ita
643 727 896 767 inviolatum
931 727 1081 768 multis
1110 728 1449 782 tempestatibus
1487 740 1705 769 murorum

257 806 382 847 opus,
399 793 701 848 Neptunique,
716 799 766 834 ut
784 794 1109 846 perhibebatur,
1132 799 1261 848 atque
1276 792 1501 847 Apollinis
1517 799 1534 816 ¹¹
1564 795 1707 836 maxi-

256 873 327 901 ma
353 865 645 909 monumenta,
666 860 816 900 nullo9
836 860 1023 902 dilectuv
1045 861 1210 902 civium
1230 861 1432 902 manibus
1452 861 1705 902 dissolvun-

256 930 337 967 tur.
376 926 464 967 Sed
487 932 726 980 postquam
747 926 887 980 major
907 940 1011 980 pars
1033 928 1179 981 operis
1201 927 1376 981 dejecta
1396 931 1478 977 est,
1501 928 1704 970 consulto

258 1005 286 1033 a
325 992 494 1033 Graecis
530 993 838 1041 intercessum,
880 992 1241 1034 confirmantibus
1282 1007 1370 1034 non
1407 1007 1455 1035 se
1491 1006 1705 1048 passuros

259 1059 375 1100 intra
394 1060 557 1100 moenia
577 1058 682 1100 duci
696 1065 729 1083 ¹0
755 1073 933 1113 equum,
954 1060 1214 1114 priusquam
1244 1060 1504 1114 praedictum
1526 1061 1622 1102 auri
1643 1064 1708 1102 at-

257 1138 343 1179 que
380 1126 548 1177 argenti
586 1126 761 1179 pondus
793 1126 1100 1179 susceperint.¹
1161 1126 1234 1167 Ita
1273 1127 1526 1168 intermisso
1557 1140 1705 1180 opere,

257 1193 569 1246 semirutisque
586 1197 602 1215 ²
633 1193 870 1242 moenibus,
893 1191 1085 1246 Ulysses
1121 1197 1308 1233 cunctos
1336 1193 1531 1234 civitatis
1550 1193 1709 1248 Troja-

256 1272 327 1300 nae
358 1260 564 1309 artifices,
601 1259 656 1300 ad
695 1258 958 1300 reficiendas
995 1271 1133 1300 naves
1165 1259 1383 1301 conducit.
1444 1259 1708 1313 Composita

258 1326 359 1367 dein
378 1327 582 1368 universa
603 1327 760 1376 classe,
785 1327 859 1367 ubi
875 1331 1034 1368 cuncta
1054 1327 1258 1380 navigi0³
1280 1327 1508 1378 instructa,
1528 1331 1574 1368 et
1594 1339 1708 1380 prae-

862 1445 1100 1459 OOONOOWO

299 1523 320 1551 9
343 1520 470 1560 Delph.
485 1523 522 1552 et
536 1520 629 1561 vulg.
645 1522 740 1552 multo
755 1521 882 1554 dilectu.
912 1522 1008 1554 Med.
1027 1522 1114 1555 Cod.
1130 1523 1213 1554 nullo
1230 1522 1438 1553 cleliam—10
1455 1521 1576 1562 Delph.
1591 1522 1710 1554 induci.

257 1565 315 1594 —1
344 1563 470 1603 Delph.
486 1564 752 1605 susciperent.-2
776 1565 899 1607 Delpli.
925 1570 960 1597 et
977 1567 1067 1607 vulg.
1083 1566 1393 1606 semiruptisque.—3
1418 1565 1545 1605 Delph.
1567 1565 1707 1605 navigia.

911 1662 1051 1694 NOTAE

300 1751 311 1766 ³
323 1744 447 1777 Summa
462 1745 588 1786 laetitz'a,
602 1746 811 1787 sacrificioque
821 1747 952 1789 excipit]

257 1796 352 1835 Virg.
398 1798 407 1814 ‘
426 1797 562 1827 Circum
600 1797 696 1836 pueri
733 1797 953 1838 innuptaeque

258 1846 393 1885 puellae,
420 1846 526 1876 Sacra
548 1845 695 1877 canunt.'
739 1845 806 1877 Sed
835 1846 877 1877 de
902 1857 953 1877 sa-

257 1894 385 1925 crificio
402 1895 482 1925 nihil
500 1895 620 1935 Virgii.
668 1895 742 1926 Nisi
765 1895 807 1926 de
824 1896 953 1927 sacrifi-

257 1945 310 1975 cio
333 1945 397 1975 isia
420 1944 598 1984 capienda.
642 1945 651 1961 ‘
667 1944 873 1986 Orandaque
896 1946 953 1977 Di-

258 2003 320 2029 vae,
331 1994 722 2026 Numinaconclamant.’
741 1994 847 2025 Item:
863 1994 954 2026 ‘Nos

256 2043 396 2074 delubra
412 2045 526 2075 Deum
542 2044 665 2080 miseri,
680 2044 801 2085 quibus
816 2044 956 2076 ultimus

257 2098 349 2125 esset
371 2093 434 2124 Ille
458 2093 542 2133 dies,
557 2092 646 2124 festa
669 2094 816 2124 velamus
832 2093 955 2126 fronde

256 2152 318 2183 per
334 2141 475 2174 urbem.’
522 2142 578 2173 Ita
594 2143 682 2174 enim
699 2143 730 2174 iu
749 2143 934 2175 sacrificiis.

298 2194 308 2214 ²
333 2193 504 2224 Consilium
539 2194 793 2225 desti-uendorum
828 2195 957 2235 desuper

255 2241 426 2282 murorum]
449 2242 547 2282 Virg.
568 2243 578 2259 ‘
594 2242 785 2274 Dividimus
801 2253 910 2275 muros
920 2248 957 2276 et

255 2292 379 2323 moenia
392 2292 568 2332 pandimus
584 2292 701 2323 urbis!

299 2346 312 2361 ¹¹
336 2341 536 2381 Neptunique
563 2345 655 2382 atque
676 2341 850 2384 Apollinis]
884 2343 953 2376 Qui

255 2391 479 2422 Laomedonti
499 2392 699 2427 servientes,
715 2393 822 2433 Trojae
839 2403 952 2425 muros

256 2441 494 2472 condiderunt.
519 2442 618 2473 Hom.
631 2442 674 2474 ΙΙ.
690 2446 728 2473 Η.
756 2444 950 2485 Neptunum

255 2492 451 2532 loquentem
475 2491 615 2524 inducit.
654 2492 725 2523 ‘'Oi-⁸
741 2494 803 2532 ἐγὼ
819 2493 870 2524 καὶ
884 2495 952 2525 Φοῖ-

255 2544 312 2577 βος
327 2541 492 2572 Ἀπόλλων
499 2540 585 2582 ”Ηρῳ
599 2543 787 2581 Λαομέδοντι
801 2543 952 2575 πολίσσα-

254 2603 311 2629 μεν
323 2591 509 2629 ἇθλήσαντε.
538 2597 546 2609 ‘
564 2593 673 2625 Quem
690 2603 820 2625 murum
837 2604 899 2633 ego
915 2600 951 2626 et

257 2641 408 2672 Phoebus
435 2640 561 2680 Apollo
589 2641 696 2673 Heroi
729 2643 952 2676 Laomedonti

258 2689 496 2721 aedificavimus
522 2689 740 2722 laborantes:
783 2692 878 2724 Ideni
903 2700 953 2726 ta-

257 2748 346 2773 men,
364 2739 403 2769 ll.
421 2742 456 2768 Φ.
471 2738 519 2769 ait
534 2739 640 2771 solum
663 2741 860 2782 Neptunum
883 2754 952 2775 mu-

255 2796 310 2817 ros
329 2786 528 2826 aedificasse,
543 2787 734 2828 Apollinem
752 2800 831 2822 vero
843 2793 953 2833 regios

255 2845 375 2877 greges
399 2837 543 2877 pavisse.
588 2839 702 2870 Quare
720 2840 840 2880 Virgil-
859 2842 950 2883 Nep-

1008 1753 1090 1780 tuno
1120 1751 1252 1779 tantum
1283 1745 1404 1778 tribuit
1432 1754 1486 1777 1x.
1514 1746 1590 1778 AEn.
1626 1747 1636 1764 ‘
1655 1747 1707 1780 An

1008 1808 1074 1829 non
1092 1797 1250 1829 viderunt
1271 1797 1395 1828 moenia
1415 1795 1597 1837 quondam,
1612 1796 1708 1837 Nep-

1010 1847 1082 1878 tuni
1106 1846 1271 1878 fabricata
1287 1855 1403 1885 manu,
1417 1845 1596 1877 considere
1612 1846 1644 1877 in
1660 1846 1708 1887 ig-

1009 1905 1068 1926 nes
1081 1895 1105 1926 ?'
1150 1897 1196 1928 Et
1212 1905 1326 1927 rursus
1341 1894 1494 1935 Apollini
1507 1903 1563 1926 111.
1575 1895 1705 1936 Georg.

1008 1946 1018 1963 ⁴
1037 1945 1083 1977 Et
1113 1945 1226 1986 Trojae
1257 1945 1422 1986 Cynthius
1451 1943 1592 1975 auctor.’
1636 1945 1706 1976 Sed

1006 2005 1083 2026 cum
1102 1996 1251 2027 Deorum
1268 2003 1374 2035 opera
1390 1993 1431 2025 ab
1455 1993 1529 2025 Diis
1545 1993 1633 2034 aliis,
1647 2004 1706 2025 ne-

1006 2044 1086 2076 dum
1109 2045 1152 2076 ab
1175 2045 1378 2083 hominibus,
1401 2043 1528 2075 destrui
1544 2043 1638 2076 nefas
1655 2054 1708 2075 es-

1006 2100 1070 2134 set,
1094 2095 1261 2126 hominem
1286 2105 1305 2126 a
1330 2094 1406 2125 Diis
1429 2093 1526 2134 operi
1550 2095 1707 2134 ascitum,

1006 2144 1126 2176 scribit
1149 2144 1316 2176 Pindarus
1342 2144 1483 2184 Olymp.
1499 2146 1532 2175 8.
1578 2143 1644 2175 Ubi
1661 2144 1705 2175 de

1008 2193 1122 2224 AEaco.
1157 2194 1218 2224 Τὸν
1232 2194 1303 2224 παῖς
1318 2193 1334 2223 ὃ
1352 2193 1470 2224 Λατοῦς
1489 2192 1657 2234 εὐρυμέδων
1670 2205 1706 2224 τε

1006 2243 1169 2282 Ποσειδᾶν,
1190 2243 1272 2282 Ἰλίῳ
1286 2242 1458 2281 μέλλοντες
1478 2242 1527 2273 ἐπὶ
1548 2242 1705 2282 στέφανον

1006 2293 1123 2332 Τεῦξαι,
1140 2291 1318 2323 καλέσαντο
1333 2292 1482 2333 συνεργὸν
1500 2291 1639 2332 Τεῖχεος·
1665 2291 1704 2330 ἣν

1007 2342 1055 2373 ὅτι
1064 2355 1110 2374 νιν
1121 2342 1328 2383 πεπρωμένον,
1342 2341 1531 2382 Ὀρνυμένων
1544 2343 1702 2383 πολέμων,

1006 2392 1227 2433 Πτολιπόρθοις
1250 2393 1284 2422 ἐν
1303 2390 1419 2430 μάχαις
1433 2391 1555 2432 Λάβρον
1570 2392 1704 2431 ἀμπνεῦ-

1005 2453 1058 2473 σαι
1072 2441 1198 2473 καπνόν.
1242 2441 1252 2458 ‘
1267 2442 1378 2474 Quem
1400 2440 1490 2471 filius
1511 2442 1650 2472 Latonae
1666 2447 1702 2473 et

1005 2493 1256 2533 lateimperans
1281 2491 1476 2530 Neptunus,
1499 2491 1583 2521 Cum
1600 2490 1702 2523 Ilium

1005 2547 1118 2575 essent
1133 2540 1299 2573 moenibns
1321 2539 1529 2579 coronaturi,
1545 2539 1702 2572 Advoca-

1005 2597 1126 2625 verunt
1137 2596 1394 2632 cooperatorem
1406 2589 1510 2622 Muri.
1535 2591 1616 2622 Erat
1625 2601 1705 2632 quo-

1005 2644 1093 2674 niam
1105 2642 1176 2674 fato
1191 2642 1379 2680 decretum,
1393 2641 1619 2681 surgentibus
1634 2642 1704 2673 bei-

1006 2694 1058 2734 lis,
1091 2692 1233 2725 Urbium
1257 2690 1495 2722 vastatricibus
1517 2690 1550 2721 in
1579 2692 1700 2731 pugnis

1006 2744 1250 2775 Velienientem
1266 2740 1501 2772 exhalaturum
1518 2738 1668 2771 fumum?

1047 2799 1061 2814 v
1086 2793 1182 2824 Nullo
1204 2790 1332 2832 [multo]
1360 2789 1491 2830 dilectu]
1516 2789 1699 2830 Studiose;

1004 2841 1208 2885 φιλοφρόνως.
