1915 3231
295 351 380 391 344
880 359 1155 390 APPENDIX.

297 462 411 503 enim
430 460 733 515 praefationem
753 472 839 500 non
861 459 1057 513 ejusdem
1078 471 1179 499 esse
1201 451 1327 512 cuju‘s
1348 461 1414 499 est
1433 458 1625 509 historia,
1641 459 1739 513 qui-

295 529 364 569 vis
395 540 481 568 non
511 527 836 568 indoctissimus
865 525 993 566 facile
1023 525 1259 578 intelligat:
1299 539 1429 580 quam
1460 526 1740 576 hauddubie

296 594 501 635 indoctus
522 593 744 648 quispiam
766 596 948 646 nugator
969 593 1173 646 subJecit.
1242 592 1358 633 Tum
1379 593 1425 633 in
1445 594 1545 635 aliis
1564 593 1740 646 scriptis

298 661 540 710 codicibus,
561 673 673 714 quos
695 660 801 701 editi
824 664 925 700 sunt
946 659 1105 708 secuti,
1121 672 1205 699 non
1227 658 1500 710 Consularis,
1520 659 1596 700 sed
1619 659 1741 699 Prae-

298 741 369 768 ses
390 728 561 781 legitur.
623 726 748 767 Nihil
778 730 924 767 autem
961 725 1184 766 Mercerus
1205 724 1347 775 affert,
1369 738 1446 766 cur
1465 738 1548 766 suo
1569 729 1740 766 tantum

299 794 455 835 Codici
475 794 650 835 credere
671 794 784 834 alios
804 793 1023 847 postulet:
1056 792 1130 845 qui
1160 792 1280 845 quod
1310 792 1511 845 quaedam
1532 791 1741 845 loquendi

299 874 460 913 genera
481 861 653 902 Latinae
688 861 873 913 Linguae
904 859 1097 912 puritate
1128 871 1213 899 non
1243 859 1352 899 satis
1372 858 1504 911 digna
1524 860 1568 899 in
1589 858 1743 899 eadem

300 927 505 969 Historia
524 927 610 980 legi
636 932 801 978 censet,
828 927 1033 980 profecto
1066 938 1113 966 se
1137 926 1234 979 jam
1256 925 1557 979 depontanum
1577 925 1742 966 factum

298 995 469 1046 probat,
490 1006 618 1047 quem
633 994 726 1046 jam
751 994 869 1034 domi
890 1006 937 1033 se
961 993 1194 1042 continere,
1214 1005 1294 1033 nec
1313 992 1511 1045 suffragii
1521 991 1684 1033 ferendi
1697 991 1744 1031 in

300 1060 523 1101 literarum
545 1059 785 1100 Comitium
805 1060 866 1100 ire
888 1072 967 1113 par
985 1059 1130 1099 fuerit.
1191 1059 1324 1100 Libro
1347 1069 1398 1100 11.
1418 1059 1462 1099 in
1478 1060 1598 1113 prius
1613 1057 1745 1099 editis

300 1126 543 1178 legebatur:

359 1196 372 1213 ‘
390 1193 596 1246 Namque
612 1196 785 1234 nostros
808 1192 1046 1234 multorum
1064 1192 1227 1233 dierum
1249 1193 1530 1245 navigatione
1549 1191 1745 1245 aliquan-

301 1262 393 1299 tum
427 1259 672 1301 exhaustos
701 1260 894 1301 maxime
925 1261 1158 1313 praesentia
1176 1259 1360 1313 Telephi
1386 1255 1742 1301 exanimaverat-⁹

301 1325 358 1366 Et
380 1326 489 1367 iufra
507 1340 516 1367 :

360 1400 370 1414 ‘
387 1392 609 1434 Cohortati
631 1405 734 1434 suos
756 1393 940 1446 quisque
959 1394 1055 1434 acie
1077 1392 1330 1434 conflixere.
1391 1392 1505 1433 Tum
1532 1403 1638 1433 vero
1668 1391 1747 1431 ali-

302 1459 557 1511 quantulum
572 1463 712 1500 tracto
726 1459 1161 1512 certamine,plurimi
1175 1459 1397 1513 utriusque
1410 1459 1549 1512 partis
1561 1455 1750 1498 cadunt.'

303 1525 532 1566 Mercerus
560 1526 818 1579 utrobique:
857 1529 870 1546 ‘
888 1526 933 1566 in
955 1525 1249 1578 aliquantum'
1280 1526 1433 1575 edidit,
1456 1529 1746 1577 annotatque:

304 1598 317 1619 ‘
331 1592 394 1632 ita
407 1592 522 1641 libri,
536 1596 583 1632 et
602 1591 667 1631 sic
688 1604 809 1645 saepe
825 1591 999 1641 Noster,
1014 1604 1039 1632 a
1055 1591 1180 1645 cujus
1203 1592 1373 1633 saeculo
1388 1605 1475 1633 non
1490 1596 1558 1632 est
1572 1593 1749 1644 exigen-

303 1660 360 1700 da
377 1659 525 1699 Latini
546 1659 763 1699 sermonis
783 1658 983 1712 puritas?
1020 1658 1110 1699 Sed
1132 1659 1318 1711 primum
1340 1659 1500 1701 falsum
1522 1662 1606 1708 est,
1629 1670 1749 1711 saepe

305 1727 370 1766 sic
393 1724 510 1778 apud
526 1726 639 1766 hunc
661 1726 918 1778 scriptorem
948 1725 1045 1778 legi,
1067 1738 1144 1765 nec
1166 1726 1282 1766 enim
1302 1730 1516 1779 praeterea
1536 1729 1606 1766 est
1622 1725 1749 1765 locus

303 1793 348 1833 in
371 1792 487 1832 omni
508 1805 560 1832 ea
582 1791 802 1842 Historia,
822 1793 897 1833 ubi
918 1793 1041 1833 vocis
1063 1795 1075 1813 ‘
1094 1791 1391 1846 aliquantum'
1411 1792 1523 1833 idem
1544 1803 1653 1832 usus
1675 1791 1749 1832 sit.

306 1858 475 1899 Deinde
503 1871 658 1910 negare
680 1858 907 1899 Mercerus
926 1859 1095 1912 nequit,
1126 1872 1207 1900 nec
1235 1872 1341 1900 suos
1372 1859 1509 1899 libros
1530 1870 1750 1912 nusquam

307 1931 525 1978 corruptae
560 1925 764 1965 lectionis
794 1939 904 1966 esse.
964 1925 1085 1976 Quid
1113 1936 1220 1978 'ergo
1256 1930 1335 1975 est,
1367 1939 1442 1966 cur
1462 1929 1684 1966 auctorem
1704 1924 1751 1965 id

307 1992 473 2044 potius,
502 1991 622 2044 quod
655 1991 700 2031 in
732 1991 932 2041 Merceri,
962 2005 1094 2045 quam
1115 1992 1237 2045 quod
1257 1992 1303 2032 in
1324 1992 1510 2032 aliorum
1528 1992 1651 2033 libris
1671 1995 1752 2041 est,

309 2059 547 2111 scripsisse
567 2058 882 2099 accredamus'?
919 2058 1118 2099 Tandem
1140 2071 1294 2112 parum
1312 2057 1537 2099 Mercerus
1556 2058 1753 2100 doctrina

310 2139 389 2166 sua
411 2127 456 2165 in
477 2125 688 2165 bonorum
711 2130 938 2166 auctorum
969 2138 1051 2166 usu
1077 2126 1252 2177 dignum
1280 2125 1400 2174 facit,
1422 2138 1525 2165 cum
1556 2125 1602 2165 id
1629 2124 1752 2165 dam-

308 2204 412 2232 nare
436 2191 626 2232 animum
647 2191 832 2241 inducit,
853 2191 971 2245 quod
993 2195 1037 2232 et
1056 2192 1214 2244 regulis
1245 2192 1350 2233 artis
1381 2192 1595 2244 congruit,
1625 2194 1669 2232 et
1687 2192 1753 2232 lo-

310 2258 626 2312 cupletissimis
647 2271 695 2299 se
718 2259 970 2299 auctoribus
991 2259 1122 2300 tutari
1140 2262 1297 2313 potest.
1327 2258 1390 2299 Ut
1409 2259 1581 2299 enimin
1594 2258 1753 2300 Gram-

309 2326 484 2366 maticis
506 2325 654 2375 docui,
676 2324 917 2378 Quantum,
953 2325 1161 2375 Tantum,
1193 2325 1401 2374 Multum,
1433 2325 1639 2374 Paulum,
1660 2324 1755 2366 Ali-

312 2396 540 2445 quantum,
562 2392 846 2442 Immensum,
877 2392 1127 2445 regulariter
1146 2405 1244 2433 cum
1266 2392 1583 2445 Praepositione
1609 2389 1666 2430 ad
1684 2392 1755 2432 vel

313 2460 370 2508 in,
391 2457 568 2510 figurate
588 2471 691 2499 vero
714 2459 806 2499 sine
826 2458 1139 2511 praepositione
1165 2458 1391 2499 dicuntur:
1423 2463 1484 2506 ut,
1517 2460 1530 2478 ‘
1547 2462 1755 2510 quantum

314 2531 439 2579 pater
459 2525 568 2574 filio,
584 2530 749 2566 tantum
766 2525 901 2578 po'eta
920 2525 1082 2577 ingenii
1104 2525 1171 2564 sui
1185 2528 1307 2577 partu
1330 2523 1514 2576 gaudet?
1553 2527 1565 2544 ‘
1580 2522 1755 2564 Avarus

313 2593 501 2635 multum
522 2597 588 2633 est
607 2593 842 2634 ambitioso
856 2592 1074 2633 deterior-³
1115 2595 1128 2613 ‘
1142 2591 1288 2632 Senex
1306 2595 1375 2631 est
1395 2590 1572 2643 paulum
1588 2590 1643 2631 ad
1663 2603 1755 2631 rem

316 2659 557 2701 'attention'
587 2659 878 2701 ‘Adolescens
891 2660 1157 2713 aliquantum
1172 2657 1318 2698 animo
1332 2655 1562 2697 omissior.'
1596 2655 1755 2697 ‘Mons

315 2726 577 2767 immensum
594 2725 771 2766 editus.’
831 2726 883 2766 In
904 2725 972 2766 his
989 2725 1191 2766 omnibus
1207 2723 1564 2777 praepositionem
1584 2723 1756 2764 deside-

317 2793 415 2841 rari,
436 2792 625 2846 plurima
648 2793 908 2845 optimorum
930 2796 1154 2833 auctorum
1176 2789 1382 2842 exempla
1402 2790 1592 2830 vincunt.
1658 2790 1757 2830 Liv.

320 2869 409 2899 xx.
432 2859 502 2900 27.
535 2862 546 2879 ‘
564 2858 616 2899 In
639 2862 807 2901 tantum
826 2872 952 2900 suam
974 2860 1177 2901 virtutem
1198 2854 1431 2898 enituisse!
1487 2856 1609 2909 Virg.
1632 2859 1643 2878 ‘
1659 2855 1757 2898 Neo
