1915 3231
220 286 303 328 156
686 296 896 328 merres
930 297 1203 328 anTENffls

220 390 266 431 in
287 402 377 431 rem
397 390 496 445 ejus
518 391 802 433 consulimus.
861 392 975 433 Sunt
995 392 1126 441 enim,
1160 395 1290 445 atque
1322 393 1450 432 erunt
1481 402 1668 443 semper,

221 456 296 509 qui
331 456 508 498 domum
543 471 812 512 regnumque
850 458 1016 500 Priami
1052 461 1284 499 tueantur:
1325 468 1466 509 neque
1502 456 1668 496 amisso

222 523 459 576 Polydoro,
480 524 644 565 orbitas
667 525 893 566 Priamum
915 526 1186 578 insequetur,
1209 527 1272 563 tot
1294 523 1542 576 talibusque
1564 521 1669 562 filiis

223 591 548 643 superstitibus.
607 590 679 631 An
700 591 811 632 solis
832 591 909 644 qui
931 605 955 632 e
976 591 1158 632 Graecia
1178 595 1312 631 suntu
1342 596 1497 642 raptus
1517 588 1669 641 hujus-

221 656 340 697 modi
372 657 696 698 concedentur?
758 657 938 711 Quippe
970 656 1113 699 Cretae
1145 657 1370 710 Europam
1403 655 1581 709 quidem
1613 660 1668 696 a⁷

223 722 428 773 Sidone,v
459 722 760 776 Ganymedem
775 727 800 744 W
846 736 904 764 ex
942 723 1066 764 hisce
1100 723 1265 764 finibus
1308 727 1440 776 atque
1480 722 1669 776 imperio

220 801 377 842 rapere
399 788 600 829 licuerit?
644 788 768 839 Quid
792 788 996 830 Medeam
1012 796 1027 811 x
1057 790 1323 842 ignoratisne
1345 802 1371 830 a
1393 789 1604 830 Colchisy
1625 788 1670 829 in

223 854 459 896 Iolcorumz
479 855 586 896 fines
608 856 935 896 transvectam?
980 856 1036 897 Et
1057 870 1107 897 ne
1124 857 1311 911 primum
1332 857 1443 897 illud
1465 855 1671 909 rapiendi

225 921 395 962 initium
425 922 770 975 praetermittam,
798 922 852 963 Io
874 935 930 963 ex
955 923 1238 965 Sidoniorum
1267 925 1442 977 regione
1464 922 1672 971 abducta,

226 987 366 1041 Argos
387 989 586 1030 meavit.a
619 989 853 1030 Hactenus
877 990 1109 1031 vobiscum
1129 991 1278 1032 verbis
1299 994 1444 1031 actum
1465 1003 1475 1031 t
1497 988 1564 1030 at8
1584 989 1671 1029 nisi

221 1067 331 1095 mox
352 1068 451 1095 cum
472 1056 592 1096 omni
622 1056 766 1097 classe
795 1069 853 1097 ex
887 1056 1011 1098 hisce
1043 1057 1157 1098 locis
1190 1058 1460 1110 aufugeritis‚
1484 1056 1671 1110 Jamjam

221 1120 458 1175 Trojanam
481 1122 687 1163 virtutem
709 1123 1013 1176 experiemini.
1073 1124 1236 1164 Domi9
1265 1124 1434 1178 quippe
1459 1123 1672 1177 juventus

221 1189 362 1241 perita
379 1189 489 1229 belli
511 1189 684 1230 abunde
704 1190 829 1230 nobis
850 1195 932 1239 est,
952 1195 1083 1244 atque
1105 1190 1251 1231 indies
1268 1190 1534 1232 auxiliorum
1555 1201 1674 1230 cres-

222 1255 282 1295 cit
315 1255 551 1296 numerus.'
624 1255 875 1309 Postquam
911 1256 1041 1297 finem
1074 1257 1282 1311 loquendi
1321 1257 1440 1306 fecit,
1480 1256 1671 1309 Ulysses

222 1320 401 1372 placida
421 1323 642 1363 oratione:
665 1325 678 1343 ‘
693 1322 764 1372 Et,
786 1323 976 1372 hercule,
994 1323 1203 1372 ulterius:
1225 1324 1299 1373 ait,
1318 1326 1330 1344 ‘
1346 1323 1515 1364 differre
1530 1321 1673 1363 inimi-

222 1387 352 1429 citias
382 1388 500 1430 haud
529 1389 742 1442 integrum
766 1390 893 1431 vobis
913 1394 993 1431 est.
1054 1391 1168 1432 Date
1191 1391 1322 1444 igitur
1342 1390 1445 1431 belli
1466 1387 1673 1442 signum,¹'

827 1509 1046 1521 OMN‘OO
1054 1509 1072 1521 O

226 1580 414 1620 Delph.—8
438 1582 565 1623 Delph.
581 1586 694 1615 ‹za—9
711 1584 833 1626 Delph.
847 1590 883 1617 et
899 1585 1000 1627 vulgo
1017 1586 1156 1617 Deorum
1171 1585 1283 1625 quippe
1298 1595 1352 1626 ope
1367 1587 1397 1615 et
1412 1583 1543 1615 auxilio.
1568 1582 1672 1614 Hunc

878 1703 1024 1735 NOTAE

224 1792 381 1821 saracns3
405 1784 475 1815 Ilus
493 1786 610 1825 genuit
627 1787 871 1826 Laomedonta,
888 1799 921 1819 a·

223 1843 302 1864 vum
317 1834 463 1874 Paridis,
478 1835 664 1867 Assaracus
680 1837 811 1878 Capyn,
824 1847 921 1869 avum

225 1885 355 1915 AEneae.

266 1940 280 1954 ¹¹
304 1935 356 1965 An
379 1935 454 1965 solis
479 1935 532 1975 qui
558 1945 574 1966 e
592 1937 719 1967 Groecz'a
742 1937 831 1977 sunt]
868 1938 922 1969 Ab

223 1984 382 2024 exemplo
411 1985 606 2016 Graecorum
632 1986 817 2018 Alexandri
841 1986 923 2018 faci·

225 2043 287 2064 nus
303 2034 437 2065 elevare
454 2035 642 2066 contendit.

266 2087 281 2102 v
306 2083 425 2123 Quippe
452 2083 556 2114 Cretoe
583 2085 741 2124 Europam
760 2086 883 2125 quidem
905 2097 925 2117 a

223 2131 353 2172 Sidone]
377 2132 445 2164 Hie
468 2139 588 2164 contra
611 2134 784 2166 historiam
801 2142 924 2175 peccat

228 2182 372 2221 Dictys;
395 2191 470 2212 nam
488 2192 604 2213 verum
621 2183 758 2223 quidem
775 2190 828 2215 est
843 2185 926 2215 Cre-

226 2236 341 2262 tenses
367 2232 537 2272 Europam
563 2242 584 2263 a
605 2232 732 2264 Sidone
747 2234 923 2274 rapuisse:

226 2281 285 2311 sed
309 2279 432 2311 falsum
455 2286 508 2312 est
531 2291 588 2312 eos
615 2282 716 2314 etiam
742 2282 924 2315 abduxisse

226 2331 461 2371 Ganymedem
480 2342 497 2362 a
515 2331 637 2363 finibus
653 2334 820 2374 Trojanis.
856 2335 924 2366 Ve-

226 2390 297 2410 rum
315 2381 378 2411 hoc
396 2382 503 2411 sciens
522 2388 641 2422 peccat
652 2383 775 2424 Dictys
790 2393 831 2415 ex
849 2394 925 2425 per-

226 2440 306 2460 sona
319 2430 561 2470 Trojanorum,
575 2432 709 2464 scilicet
721 2438 758 2464 ut
771 2443 924 2466 caussam

225 2489 317 2510 suam
335 2480 576 2520 approbarent.

267 2535 289 2549 w
313 2529 538 2571 Ganymedem]
573 2531 676 2563 Hunc
700 2542 766 2563 non
783 2533 925 2565 Creten-

227 2588 292 2616 ses,
304 2579 362 2610 sed
379 2579 479 2620 Lydii
498 2589 642 2620 rapuere
655 2592 664 2620 ;
679 2583 845 2614 Tantalus
862 2585 926 2615 sci-

226 2629 322 2667 licet,
340 2629 382 2659 de
400 2630 546 2670 quojam
564 2641 676 2673 supra.

267 2683 282 2698 Χ
302 2678 386 2713 Quid
401 2679 559 2719 Medeam]
575 2681 662 2714 Quae
678 2692 696 2713 a
709 2682 836 2715 Jasone
849 2684 925 2715 col-

226 2728 296 2758 chis
313 2729 475 2760 abducta.
520 2730 608 2761 Vide
634 2731 800 2764 Herodot.
822 2733 926 2765 Ovid.

228 2783 263 2807 ct
280 2778 324 2808 al.

270 2832 281 2852 y
309 2827 446 2868 Colchis]
482 2828 535 2860 Ad
564 2829 700 2862 Phasim
727 2830 863 2863 fluvium
891 2833 924 2863 in

974 1789 1089 1820 littore
1108 1788 1179 1819 Eoo
1195 1787 1331 1819 Euxini.

1016 1843 1029 1858 2
1053 1837 1218 1877 laicorum]
1247 1837 1286 1868 In
1303 1834 1488 1870 Messenia,
1506 1834 1547 1865 ad
1564 1834 1672 1865 sinum

974 1885 1201 1926 Pelasgiciun.

1018 1941 1033 1956 ³
1056 1937 1091 1966 Io
1117 1946 1157 1967 ex
1172 1935 1367 1967 Sidoniorum
1391 1934 1516 1973 regione
1530 1934 1676 1973 abducta,

976 1986 1080 2025 Argos
1106 1985 1234 2026 meavit]
1268 1986 1397 2016 Contra
1423 1991 1501 2023 est3
1533 1994 1609 2016 nam
1635 1985 1675 2016 10

977 2036 1077 2077 Argis
1107 2042 1241 2075 evecta,
1273 2046 1292 2067 a
1324 2036 1551 2066 Phoenicibus,
1605 2036 1674 2067 Sed

977 2092 1091 2118 noster
1116 2097 1192 2118 cum
1208 2088 1278 2119 haec
1295 2087 1479 2118 invenisset
1496 2087 1587 2126 apud
1605 2088 1676 2118 He·

978 2137 1145 2176 rodotum,
1161 2137 1295 2176 putavit
1307 2146 1347 2167 ex
1363 2136 1676 2177 personaTrojano-

977 2196 1050 2217 rum
1074 2185 1244 2225 mutanda,
1270 2191 1308 2216 ut
1332 2195 1470 2216 causam
1497 2195 1590 2216 suam
1617 2196 1676 2226 ap·

978 2236 1177 2276 probarent,
1203 2245 1301 2276 quam
1328 2244 1442 2265 omnes
1461 2234 1602 2265 Asiatici
1619 2235 1678 2265 de-

975 2284 1182 2323 fendebant3
1200 2285 1316 2315 eodem
1331 2284 1441 2322 modo,
1453 2284 1548 2324 quasi
1560 2284 1678 2316 Graeci

978 2335 1107 2374 priores
1124 2334 1304 2364 laesissent.
1342 2333 1465 2373 Itaque
1481 2339 1516 2364 et
1532 2334 1589 2374 qui
1605 2335 1677 2365 Da·

978 2385 1061 2415 retis
1077 2383 1415 2423 uomine‚Trojanun1
1429 2383 1553 2413 benum
1569 2383 1677 2423 scrip-

979 2435 1036 2472 sit,
1059 2434 1102 2464 ab
1124 2433 1357 2473 Argonautica
1383 2432 1604 2471 expeditione
1628 2432 1677 2462 in·

975 2483 1143 2523 jun-iarum
1160 2482 1291 2513 initium
1312 2482 1453 2520 repetit,
1474 2481 1551 2511 dein
1569 2481 1610 2511 ab
1628 2481 1677 2512 in-

980 2538 1099 2564 secuta
1116 2532 1277 2563 Hesionae
1293 2531 1468 2562 servitute.
1491 2531 1642 2563 Mercer.

1020 2582 1035 2603 b
1055 2584 1139 2613 Date
1152 2583 1253 2621 igitur
1266 2582 1336 2612 belli
1349 2580 1488 2621 signum]
1504 2581 1558 2612 De
1572 2590 1676 2612 more.

979 2632 1069 2664 Nam
1093 2633 1149 2673 qui
1177 2632 1300 2662 bellum
1329 2631 1537 2662 commissuri
1565 2636 1677 2670 erant,

979 2684 1034 2715 vel
1059 2693 1176 2714 eorum
1204 2683 1329 2713 milites
1353 2681 1601 2720 convocabant,
1622 2683 1676 2713 vel

977 2733 1086 2774 signa,
1104 2738 1140 2764 et
1157 2733 1278 2764 vexilla
1302 2732 1344 2763 ab
1369 2731 1501 2762 arcibus
1525 2731 1678 2772 profere-

978 2783 1074 2822 bant,
1090 2783 1142 2813 vel
1159 2782 1223 2813 alio
1240 2791 1450 2822 quocumque
1466 2780 1565 2812 modo
1582 2791 1618 2812 se
1633 2782 1675 2813 ad

980 2832 1105 2864 bellum
1136 2831 1267 2871 accingi
1298 2830 1542 2870 significabant.
1588 2830 1676 2862 Inde
