1915 3231
242 622 783 701 DICTYOS
861 623 1552 704 CRETENSIS

513 816 615 867 DE
666 816 901 868 BELLo
947 796 1287 868 TROJANO

740 1001 933 1045 LIBER
982 1003 1067 1045 1V.

181 1320 293 1378 SED
313 1339 550 1391 postquam
568 1335 777 1389 Trojanis
798 1336 945 1389 palam
965 1339 1047 1384 est,
1067 1346 1209 1387 regem
1231 1333 1431 1388 perfecto
1451 1333 1630 1387 negotio

181 1404 454 1454 inviolatum,
483 1407 616 1457 atque
645 1403 811 1455 integro
833 1401 1044 1443 comitatu
1073 1400 1255 1454 regredi,
1281 1400 1497 1450 admirati,
1530 1400 1627 1440 lau-

181 1470 420 1525 dantesque
441 1470 633 1513 Graeciae
653 1470 865 1523 pietatem
887 1468 943 1509 ad
963 1467 1123 1509 coelum
1144 1467 1289 1508 serunt
1306 1481 1315 1509 :
1342 1467 1507 1520 quippe
1527 1467 1627 1521 quis

180 1536 324 1578 animo
343 1537 408 1578 ita
426 1537 643 1586 haeserat‚¹
666 1535 789 1576 nulla
811 1548 892 1588 spe
915 1534 1176 1588 impetrandi
1198 1534 1443 1582 cadaveris,
1464 1533 1633 1587 ipsum-

179 1608 299 1655 que,²
328 1607 372 1644 et
392 1603 468 1657 qui
489 1616 589 1645 cum
608 1615 661 1644 eo
682 1603 871 1643 fuissent
896 1602 1066 1644 retineri
1088 1614 1114 1642 a
1134 1600 1324 1649 Graecis,
1359 1600 1553 1640 maxime
1574 1599 1631 1639 ob

180 1669 364 1712 Helenae
394 1683 496 1724 quae
536 1683 625 1711 non
663 1670 954 1711 remitteretur
1002 1667 1366 1710 recordationem.
1426 1665 1631 1707 Ceterum

178 1736 275 1777 viso
296 1736 508 1778 Hectoris
527 1737 694 1787 funere,
717 1736 865 1777 cuncti
893 1736 1014 1777 cives
1035 1735 1236 1788 sociique
1257 1737 1532 1776 accurrentes
1554 1732 1633 1773 fle-

179 1807 273 1843 tum
307 1803 484 1853 tollunt,
506 1802 760 1844 divellentes
790 1814 976 1852 comam,
1005 1801 1315 1856 foedantesque
1347 1813 1427 1842 ora
1456 1800 1633 1841 laniati-

176 1869 278 1919 bus,
297 1882 438 1924 neque
456 1870 502 1911 in
521 1874 646 1912 tanta
664 1869 822 1924 populi
852 1869 1135 1911 multitudine
1158 1869 1393 1923 quisquam
1412 1867 1456 1908 in
1478 1880 1526 1908 se
1546 1866 1632 1908 vir-

178 1936 285 1977 tutis
318 1941 395 1978 aut
425 1937 521 1991 spei
553 1937 687 1977 bonae
722 1935 933 1977 fiduciam
963 1935 1159 1984 credere,
1193 1935 1271 1976 illo
1304 1933 1536 1975 interfecto
1557 1932 1635 1986 qui

179 2003 344 2057 inclyta
363 2016 442 2058 per
471 2006 622 2056 gentes
652 2002 770 2044 fama
798 2014 942 2043 rerum
971 2002 1241 2051 militarium,
1269 2001 1314 2042 in
1347 2013 1462 2055 pace
1498 1990 1648 2041 etiam*

180 2070 396 2123 praeclara
422 2069 678 2124 pudicitia,b
713 2082 771 2111 ex
792 2083 880 2124 qua
908 2070 1027 2112 haud
1057 2070 1270 2111 minorem
1294 2081 1427 2122 quam
1457 2067 1637 2121 reliquis

181 2137 344 2178 artibus
366 2137 550 2190 gloriam
572 2137 766 2191 adeptus
786 2141 891 2180 erat.
940 2137 1111 2179 Interea
1131 2135 1376 2189 sepelivere
1395 2148 1493 2176 eum
1513 2133 1637 2175 haud

180 2203 310 2257 longe
340 2218 368 2247 a
398 2204 568 2246 tumulo
599 2204 656 2246 Ili
690 2205 830 2259 regis‘
868 2204 1109 2259 quondam.
1170 2203 1287 2244 Dein
1317 2207 1474 2244 exorto
1503 2213 1635 2256 quam

786 2321 1024 2336 eeeeeeeeeeee

224 2402 240 2430 l
267 2399 429 2444 Vinding.
462 2400 644 2442 legendum
678 2403 779 2442 putat
814 2398 997 2437 inheserat,
1025 2401 1061 2429 et
1100 2394 1326 2428 omittendam
1353 2393 1507 2426 voculam
1535 2393 1636 2426 ita.—

836 2504 981 2538 NOTAE

222 2585 238 2601 ὃ
262 2580 438 2621 Ipsumque]
460 2581 591 2622 Regem
606 2580 793 2613 Priamum.
974 2583 988 2600 c
1012 2578 1040 2610 A
1057 2577 1174 2609 tumulo
1191 2576 1233 2608 Ili
1248 2575 1349 2616 regis]
1372 2574 1440 2608 Qui
1454 2574 1518 2606 sub
1532 2575 1637 2616 Troja

221 2629 237 2650 '³
258 2630 421 2662 Proeclara
443 2631 614 2672 pudicitia]
641 2631 698 2663 Ita
722 2630 879 2663 diser-tim
932 2629 999 2661 fuit
1023 2629 1059 2659 in
1085 2627 1238 2668 planitie.
1286 2626 1387 2657 Hom.
1416 2625 1459 2657 11.
1483 2630 1518 2656 Λ.
1551 2625 1638 2657 οἶδὲ

180 2684 325 2722 uterque
360 2681 429 2713 Ms.
486 2682 645 2724 Oppouit
679 2682 879 2723 pudicitiam
932 2678 1100 2719 παρ’Ἴλου
1111 2679 1195 2716 σῆμα
1204 2677 1340 2708 παλαιοῦ
1350 2674 1636 2715 ΔαρδανίδαοΜέσ-

182 2781 215 2810 in
228 2781 381 2813 omnibus
394 2782 474 2813 viris
485 2783 667 2823 iaudanda,
677 2783 727 2816 ita
741 2783 773 2815 in
791 2783 879 2825 prin·
932 2782 1058 2821 *ἱέμενοι
1072 2780 1203 2812 πόλεως.
1217 2781 1226 2797 ‘
1243 2779 1288 2810 At
1303 2779 1336 2809 hi
1348 2779 1452 2820 juxta
1467 2779 1634 2810 tumulum

180 2829 313 2871 cipibus
329 2832 473 2864 maxime
490 2834 685 2875 conspicua.
938 2833 977 2865 Iii
1008 2832 1132 2864 veteris
1160 2829 1370 2863 Dardanidae
1397 2828 1550 2861 Medium
1575 2838 1637 2870 per
