1915 3231
240 235 321 275 110
706 244 913 275 mGTYOS
947 245 1218 276 oRn‘rENffls

240 338 357 378 Tum
380 337 569 379 Dioresn
599 341 642 378 et
664 336 834 391 Meges,
861 351 918 379 ex
940 338 1108 392 Phyleo
1136 339 1321 390 genium,
1337 338 1488 379 Thoas
1511 351 1569 380 ex
1595 338 1682 380 An-

243 405 483 454 draemone,
507 404 752 458 Eurypylus
785 405 1039 452 Euemonis,
1063 404 1326 453 Ormenius,⁰
1357 409 1400 445 et
1423 405 1684 446 Leonteus.¹³

243 469 350 523 [14]
380 471 490 512 Post
509 483 621 524 quos
643 470 838 511 Achilles
861 471 987 511 Pelei
1007 475 1050 511 et
1067 471 1282 520 Thetidis,
1301 483 1400 524 quae
1423 483 1481 511 ex
1503 471 1686 512 Chirone

244 537 505 579 dicebatur.‘¹
564 538 656 578 Hic
686 538 730 577 in
756 538 906 590 primis
939 537 1249 578 adolescentiae
1283 538 1426 586 annis,
1461 550 1687 590 procerus,

244 604 403 644 decora
424 604 549 652 facie,
570 603 717 644 studio
737 615 878 643 rerum
899 603 1156 644 bellicarum
1188 616 1339 643 omnes
1365 604 1458 656 jam
1488 607 1580 644 tum
1602 603 1689 644 vir-

244 674 454 723 tuteque⁵
486 674 529 711 et
555 670 691 721 gloria
723 670 978 722 superabat.
1058 669 1218 722 Neque
1250 674 1392 710 tamen
1424 670 1604 710 aberat‘
1633 670 1689 709 ab

243 749 298 776 eo
320 737 389 777 vis
409 736 613 790 quaedam
643 737 907 785 inconsulta,
940 741 984 776 et
1013 734 1173 776 effera⁶
1203 749 1375 776 morum
1405 735 1690 789 impatientia.

244 801 356 842 Cum
377 815 429 843 eo
452 803 703 843 PatroclusS
732 807 774 843 et
801 802 1027 851 Phoenix,t
1059 803 1171 843 alter
1204 808 1387 856 propter
1417 802 1690 856 conjunctio-

244 882 345 909 nem
366 870 612 918 amicitiae,⁰
643 870 752 909 alter
784 874 964 910 custosv
993 873 1124 922 atque
1146 874 1289 910 rector
1315 869 1428 922 ejus.
1486 868 1691 922 Tlepole-

243 941 377 976 musW
399 936 499 977 dein
521 936 729 976 Herculis
750 949 759 974 z
782 949 881 977 eum
897 942 912 967 ⁷
933 936 1121 977 insecuti
1144 940 1245 977 sunt
1263 936 1516 989 Phidippus
1533 939 1578 977 et
1598 933 1691 976 An-

851 1051 1048 1064 e‘eeveoeeoae
1054 1053 1090 1064 eo

246 1147 320 1169 cem
333 1141 439 1178 postea
454 1141 532 1168 ante
549 1137 587 1168 ab
607 1138 720 1178 Ulysse
735 1138 936 1176 cognita.—5
961 1140 1073 1170 Deest
1089 1138 1121 1169 in
1138 1138 1260 1179 Delph.
1275 1141 1410 1178 qna—6
1433 1137 1694 1179 Delph.fera.—

252 1183 271 1211 7
297 1180 420 1221 Delph.
455 1189 516 1221 pro
552 1189 636 1211 voce
671 1180 816 1212 Herculis
844 1180 949 1212 habet
984 1181 1213 1221 Eutaphraces;
1250 1182 1377 1212 omittit
1408 1191 1538 1222 qnoque
1569 1190 1694 1212 eum.—

910 1298 1048 1330 NOTAE

246 1373 255 1389 ‘
272 1372 400 1402 Verum
418 1372 641 1403 Phocensium
658 1371 891 1412 Schediusque
911 1375 946 1402 et

247 1421 472 1462 Epistrophus
490 1422 591 1453 duces
609 1427 719 1461 erant,
741 1421 818 1452 Filii
840 1421 945 1461 Iphiti

247 1471 454 1511 magnanimi
480 1471 711 1503 Naubolidae.'
756 1472 799 1502 Et
830 1471 945 1503 nescio

247 1532 330 1563 quos
353 1529 509 1553 auctores
535 1527 682 1562 secutus,
708 1521 864 1562 Hyginus
887 1531 944 1552 eos

1000 1371 1127 1412 Argon.
1155 1372 1246 1403 illum
1277 1371 1364 1402 vide.
1408 1371 1535 1401 Verum
1562 1369 1618 1401 alii
1649 1370 1695 1402 A·

999 1422 1105 1452 chillis
1139 1427 1281 1452 matrem
1312 1430 1376 1451 non
1409 1420 1600 1455 Thaidem,
1635 1420 1696 1451 sed

998 1472 1233 1510 Philomelam,
1261 1470 1395 1502 Actoris
1421 1469 1536 1509 filiam,
1564 1469 1697 1502 dicunt.

997 1521 1039 1552 In
1060 1521 1098 1552 iis
1123 1521 1319 1552 scholiastes
1350 1519 1531 1560 Apollonii,
1554 1523 1590 1550 et
1606 1519 1696 1558 apud

248 1571 350 1610 Argis
366 1571 496 1602 venisse
509 1570 647 1610 dixerit,
663 1571 745 1601 Fab.
762 1573 816 1601 97.

291 1626 314 1641 ¹¹¹
329 1620 518 1660 Ascalaphus
535 1624 564 1651 et
577 1620 748 1659 Ialmenus]
764 1619 837 1650 Filii
854 1619 946 1650 Mar-

250 1671 294 1702 tis
311 1675 346 1702 et
361 1671 562 1710 Astyoches.
606 1671 662 1701 De
690 1670 729 1701 iis
757 1668 833 1700 vide
859 1668 947 1699 infra

249 1721 283 1751 in
301 1721 474 1760 Catalogo.

292 1774 308 1789 ¹¹
330 1769 462 1808 Diores]
485 1768 688 1800 Amat-uncei
703 1767 804 1798 filius.

293 1823 308 1839 ⁰
333 1819 519 1859 Eurypylus,
557 1818 734 1855 Euemom's,
766 1816 947 1856 Ormenius]

250 1869 370 1900 Scribe
387 1869 396 1885 ‘
411 1867 626 1899 Evaemonis!
668 1865 844 1905 Εὐρύπυλος
859 1864 947 1896 Εὐαί-

250 1931 344 1958 μονος
359 1919 478 1958 ἀγλαὸς
498 1917 569 1949 υἱός.
603 1919 612 1935 ‘
628 1918 835 1958 Eurypylus,
851 1917 948 1947 Evae-

252 1971 358 2000 monis
374 1970 518 2008 inclytus
531 1966 644 1998 filius)
691 1966 870 1997 Ormenius
891 1975 948 1996 au-

252 2024 322 2050 tem
346 2018 387 2049 ab
412 2017 575 2048 Ormenio
598 2015 680 2046 urbe
702 2014 892 2053 Thessaliae,
907 2013 948 2044 de

253 2080 320 2110 qua
353 2067 450 2100 infra.
492 2067 559 2098 Sed
590 2067 703 2098 obiter
730 2064 949 2105 corrigendus

253 2119 412 2160 Hyginus
439 2118 519 2149 Fab.
542 2120 596 2148 97.
639 2115 707 2147 Ubi
729 2117 738 2133 ‘
757 2115 949 2155 Eurypylus

254 2168 445 2199 Evaemonis
462 2172 497 2198 et
515 2166 600 2206 Opis
623 2164 712 2196 filius
733 2164 949 2196 Orchomeno

254 2218 396 2249 navibus
418 2217 486 2248 x1..'
528 2216 647 2248 Scribe
671 2218 682 2234 ⁸
701 2225 744 2247 ex
762 2213 949 2247 Ormenio.'

255 2267 350 2298 Nihil
366 2267 506 2298 certius.

298 2322 314 2342 ¹³
336 2315 503 2355 Leonteus]
528 2315 631 2346 Filius
649 2314 787 2354 Coroni,
812 2313 868 2355 qui
886 2314 949 2345 Co-

257 2375 357 2396 ronus
375 2364 488 2396 Caenei
511 2364 597 2395 filius
621 2363 699 2394 fuit.
745 2364 846 2394 Hom.
866 2364 951 2401 Ἅμα

255 2417 301 2454 τῷ
311 2427 349 2455 ’γε
363 2414 509 2446 Λεοντεὺς
522 2414 561 2454 ὄζ
562 2425 595 2445 ος
603 2414 728 2454 Ἄρηος,
742 2413 812 2445 ’Υἱὸς
829 2412 952 2453 ὑπερθύ-

255 2478 323 2505 μοιο
339 2465 479 2506 Κορώνου
494 2464 665 2495 Καινεΐδαο.
709 2465 719 2481 ⁴
738 2464 782 2494 Et
797 2473 873 2494 cum
897 2463 954 2494 illo

255 2516 467 2556 (Polypaete,
490 2514 559 2545 filio
582 2512 745 2552 Pirithoi)
760 2512 830 2543 ibat
844 2512 952 2542 Leon-

258 2571 345 2604 teus,
383 2574 492 2595 ramus
532 2563 667 2602 Martis,
705 2561 793 2593 filius
816 2570 953 2602 magna-

258 2614 339 2644 nimi
355 2613 478 2645 Coroni
495 2612 668 2645 Caenidaess

301 2667 317 2688 ⁴1
341 2663 420 2698 Quoe
441 2672 481 2692 ex
497 2662 632 2692 ChIrone
646 2659 819 2699 dicebatur]
843 2659 898 2691 Sic
917 2662 954 2690 et

257 2712 343 2743 libro
376 2721 426 2743 vr.
469 2712 648 2743 Thetidem
674 2710 826 2743 Chironis
849 2709 952 2740 filiam

261 2761 356 2792 dicit.
393 2761 490 2793 Idem
517 2762 695 2795 Scholiast.
732 2759 902 2801 Apollonii
926 2769 952 2791 1.

998 1580 1073 1601 eum
1090 1570 1308 1609 Deimachus,
1323 1570 1531 1608 Eustathius,
1543 1573 1578 1600 et
1594 1569 1697 1600 schol.

998 1619 1252 1660 AristophaniS,
1266 1620 1298 1650 in
1315 1619 1407 1650 Nub.

1039 1674 1052 1690 Γ
1075 1670 1184 1710 Neque
1206 1673 1306 1700 tamen
1334 1668 1457 1707 aberat]
1487 1667 1629 1708 Optime
1653 1676 1696 1698 ex

999 1719 1151 1750 Homero
1165 1725 1201 1750 et
1219 1719 1305 1749 aliis.
1335 1719 1391 1749 Sic
1407 1718 1531 1749 Horat.
1549 1718 1580 1748 in
1596 1717 1637 1748 A.
1656 1717 1698 1749 P.

998 1771 1008 1786 ‘
1028 1769 1241 1800 Honoratum
1267 1768 1294 1798 si
1316 1767 1404 1798 forte
1429 1767 1564 1806 reponis
1582 1766 1697 1797 Achil-

998 1820 1062 1850 lem
1078 1830 1087 1858 ;
1112 1820 1277 1859 Impiger,
1300 1816 1492 1856 iracundus,
1508 1816 1698 1847 inexorabi-

998 1869 1053 1902 lis.
1071 1878 1161 1907 acer,
1183 1869 1270 1900 Jura
1285 1871 1388 1906 neget
1410 1866 1474 1896 sibi
1496 1871 1589 1905 nata,
1616 1865 1699 1896 nihil

1001 1927 1067 1948 non
1083 1921 1219 1957 arroget
1235 1916 1357 1947 armis.'

1043 1972 1055 1987 ⁸
1080 1967 1256 2006 Patroclus]
1284 1966 1442 1997 Menoetii
1466 1970 1501 1996 et
1525 1965 1698 1995 Philome-

1001 2015 1057 2054 lae,
1075 2017 1146 2046 sive
1162 2017 1289 2056 potius,
1304 2016 1491 2055 Sthenelae,
1506 2014 1606 2046 filius.

1045 2067 1055 2086 ⁸
1078 2065 1227 2105 Phoenix]
1250 2064 1446 2105 Amyntoris
1462 2064 1561 2095 filius.

1045 2121 1060 2137 ¹¹
1082 2115 1173 2147 Alter
1194 2118 1320 2154 propter
1344 2112 1600 2153 conjunctionem]
1631 2112 1699 2144 Pa-

1003 2165 1130 2196 troclus
1161 2164 1303 2202 scilicet,
1329 2165 1385 2204 qui
1416 2168 1451 2194 et
1483 2163 1607 2193 Achilli
1642 2171 1698 2202 ge-

1002 2223 1082 2245 nere
1099 2213 1271 2254 proximus
1284 2212 1361 2244 fuit.
1398 2213 1486 2244 Nam
1503 2212 1610 2243 Actor
1625 2212 1701 2243 Me·

1003 2263 1140 2294 uoetium
1165 2262 1314 2301 suscepit
1337 2271 1378 2292 ex
1394 2261 1528 2301 AEgffla,
1552 2270 1625 2301 quoe
1642 2270 1700 2292 an-

1003 2318 1060 2344 tea
1075 2322 1117 2343 ex
1137 2311 1224 2344 Jove
1249 2311 1387 2342 AEacum
1411 2316 1606 2351 pepererat.
1651 2310 1701 2341 At

1004 2372 1046 2393 ex
1063 2362 1163 2392 AEaco
1178 2362 1316 2399 Peleus,
1328 2360 1466 2391 Achillis
1483 2365 1592 2401 pater.
1622 2359 1701 2390 AEa-

1005 2420 1062 2442 cus
1079 2411 1183 2450 igitur
1198 2414 1233 2439 et
1255 2409 1436 2439 Menoetius
1453 2417 1496 2438 ex
1510 2413 1618 2439 matre
1635 2407 1701 2438 fra·

1006 2465 1077 2492 tres
1093 2462 1203 2497 erant,
1218 2458 1342 2489 Peleus
1368 2462 1403 2488 et
1421 2457 1600 2488 Patroclus
1621 2465 1701 2488 con-

1006 2509 1145 2541 sobrini.
1188 2507 1258 2539 Alii
1273 2508 1360 2538 hanc
1378 2507 1627 2545 proximitatem
1642 2507 1702 2536 ali-

1006 2564 1058 2590 ter
1071 2564 1204 2596 texunt,
1219 2562 1255 2588 et
1276 2557 1418 2588 Peleum
1441 2561 1476 2587 et
1498 2555 1701 2586 Menoetium

1005 2609 1128 2640 fratres
1157 2607 1300 2644 faciunt,
1327 2606 1479 2647 adeoque
1504 2605 1700 2636 Patroclum

1006 2658 1147 2691 Achillis
1164 2656 1411 2688 consobrinum.

1048 2713 1062 2729 v
1085 2709 1179 2738 Alter
1192 2705 1307 2745 custos]
1331 2705 1419 2735 Vide
1432 2704 1532 2736 Hom.
1549 2704 1591 2735 11.
1606 2712 1658 2735 lx.

1050 2763 1069 2798 ἓξ
1095 2756 1298 2797 Tlepolemus]
1334 2755 1492 2788 Herculis
1514 2759 1550 2786 et
1577 2753 1702 2794 Astyo-
