1915 3231
283 273 367 314 114
751 283 965 314 DicTYos
997 283 1271 316 CRETENsis

283 377 427 431 gratia
447 376 493 418 id
515 379 750 432 parabatur
775 379 952 429 bellum,
983 383 1026 419 et
1047 384 1225 432 propter
1245 390 1449 431 magnam
1470 390 1603 432 opum
1627 377 1735 427 vim,

284 446 448 499 quibus
478 450 638 500 praeter
658 451 834 487 ceteros
856 446 1048 488 Graeciae
1070 459 1191 498 reges
1211 458 1392 497 magnus
1426 449 1559 498 atque
1584 445 1731 486 clarus

279 512 536 562 habebatur,
572 512 726 554 merito
760 513 1021 554 acciderat.w
1084 513 1197 553 Dein
1235 512 1370 553 duces
1405 512 1731 565 praefectosque

280 579 461 620 navium
483 577 719 629 Achillem,
742 578 964 632 AJacem‚'‘
977 584 1019 621 et
1041 579 1318 620 Phoenicem*
1339 578 1577 620 destinant.
1607 579 1730 620 Prae-

280 651 502 699 ponuntur
516 651 529 676 ⁵
562 647 696 687 etiam
717 647 952 700 campestri
975 646 1190 687 exercitui
1212 645 1478 686 Palamedes
1499 657 1600 686 cum
1621 644 1732 686 Dio-

277 713 404 754 mede
437 718 483 754 et
516 712 695 766 Ulysse‚
732 713 798 754 ita
836 717 884 753 ut
918 714 1029 755 inter
1063 726 1110 754 se
1143 712 1359 762 diurnas,y
1392 713 1732 766 vigiliarumque

279 780 399 820 vices
420 780 696 833 dispertiant.
757 780 848 821 His
882 781 1090 835 peractis,
1118 780 1175 822 ad
1207 779 1428 833 parandas
1456 793 1564 833 opes
1596 784 1730 832 atque

279 847 570 888 instrumenta
590 847 777 896 militiae,
799 848 956 900 singuli
986 849 1030 889 in
1060 860 1140 889 sua
1159 860 1287 900 regna
1307 846 1551 888 discedunt.
1610 846 1731 888 Inte-

280 915 361 954 rim
383 913 486 954 belli
506 912 654 954 studio
685 913 864 955 ardebat
898 916 1038 955 omnis
1074 914 1278 956 Graecia:
1311 928 1444 964 arma,
1476 914 1580 964 tela,
1613 915 1731 968 equi,

279 993 432 1028 naves,
455 984 586 1033 atque
616 980 710 1021 haec
742 982 893 1022 omnia
919 986 1016 1022 toto
1039 982 1243 1022 biennioz
1274 987 1599 1034 praeparantur:
1630 995 1732 1023 cum

271 1045 482 1098 juventus
503 1046 663 1100 partim
683 1060 764 1087 sua
781 1052 956 1100 sponte,
971 1048 1045 1088 alii
1067 1048 1303 1101 aequalium
1325 1048 1380 1088 ad
1401 1048 1581 1101 gloriam
1599 1060 1733 1088 aemu-

277 1113 441 1153 latione
462 1112 641 1155 munia⁶
662 1114 832 1155 militiae
854 1114 1122 1155 festinarent.
1183 1113 1270 1154 Sed
1294 1115 1405 1155 inter
1424 1114 1539 1163 haec,
1559 1126 1734 1155 summa

280 1192 402 1229 cura,
423 1180 491 1220 vis
511 1193 670 1233 magna
700 1181 881 1222 navium
912 1181 1136 1234 praecipue
1169 1179 1436 1222 fabricatur:
1469 1181 1645 1222 scilicet
1678 1193 1732 1221 ne

279 1247 415 1288 multa
434 1247 576 1288 millia
592 1249 864 1289 exercituum
882 1247 1076 1300 undique
1096 1259 1268 1288 versum
1283 1253 1298 1269 ³
1320 1249 1363 1289 in
1377 1261 1510 1288 unum
1527 1248 1730 1296 collecta,

278 1314 449 1354 incuria
468 1314 736 1367 navigandib
767 1316 1056 1356 tardarentur.
1115 1315 1222 1368 [17]
1248 1315 1385 1369 Igitur
1405 1320 1586 1369 peracto
1608 1315 1732 1356 bien-

280 1381 356 1422 nio
380 1381 436 1422 ad
458 1382 647 1424 Aulidac
679 1383 889 1432 Boeotiae,
910 1396 1011 1423 nam
1033 1382 1072 1422 is
1096 1383 1223 1423 locus
1246 1383 1446 1424 delectus
1466 1383 1624 1433 fuerat,
1645 1383 1733 1424 sin-

280 1448 373 1501 guli
399 1461 522 1501 reges
545 1463 627 1502 pro
659 1449 870 1491 facultate
903 1462 1036 1503 opum
1068 1450 1272 1502 regnique
1300 1450 1537 1491 instructas
1565 1451 1734 1491 classes

281 1517 573 1568 praemittunt.
633 1516 704 1557 Ex
743 1517 843 1570 quis
884 1517 1055 1570 primus
1091 1517 1394 1569 Agamemnon
1433 1530 1491 1558 ex
1533 1517 1733 1572 Mycenis

279 1594 419 1623 naves
442 1582 647 1633 centum,‘¹
680 1584 895 1637 aliisque7
919 1585 1180 1636 sexagintas
1200 1597 1312 1638 quas
1334 1597 1393 1624 ex
1415 1584 1603 1625 diversis
1626 1584 1734 1626 civi-

887 1689 1048 1701 cee‘eaexeo
1054 1690 1129 1701 roeo

282 1753 592 1794 Phoenz'cemque.—5
618 1755 739 1795 Delpli.
770 1756 1053 1795 Proeponitur.—6
1080 1757 1185 1787 Deest
1214 1757 1254 1786 ad
1289 1760 1367 1787 ante
1394 1755 1500 1787 munia
1534 1755 1567 1786 in
1604 1755 1733 1795 Delph-

281 1796 291 1812 ‘
304 1797 414 1827 Deleo
431 1798 583 1828 voculam
597 1799 649 1838 ad,
667 1803 703 1829 et
720 1798 770 1829 ita
790 1799 918 1829 Noster
936 1799 1030 1829 initio
1043 1799 1102 1829 lib.
1121 1798 1189 1830 111.5
1209 1799 1423 1837 Vinding.—7
1448 1798 1573 1840 Delph.
1587 1799 1734 1839 aliasque.

941 1906 972 1937 N
979 1905 1080 1937 OTAE

280 1964 414 1996 nionem
432 1972 568 1998 secutus
585 1967 741 2009 Euripid.
765 1969 797 2000 in
817 1970 930 2010 Iphig.
948 1970 980 2000 in

281 2016 398 2048 Aulid.
423 2016 509 2056 Κάμὲ
529 2020 718 2058 στρατηγεῖν
739 2019 817 2051 κατὰ
837 2019 982 2051 Μενέλεω

281 2066 375 2107 χάριν
397 2068 539 2108 Εἵλοντο,
562 2068 719 2108 σύγγονόν
739 2080 788 2108 γε.
829 2071 838 2086 ‘
858 2071 902 2101 Et
929 2080 981 2101 me

283 2119 404 2150 ducem
421 2120 592 2151 exercitus
614 2121 648 2151 in
669 2121 818 2152 Menelai
838 2121 982 2160 gratiam

283 2169 474 2209 elegerunt,
501 2170 572 2210 ejus
600 2169 765 2201 fratrem!
809 2170 875 2201 Sed
907 2180 981 2201 eam

281 2217 412 2249 refutat
430 2219 585 2250 Eustatli.
604 2224 640 2250 et
655 2221 792 2251 alteram
807 2220 981 2260 amplecti-

283 2272 360 2306 tur;
382 2278 526 2309 namque
543 2268 833 2308 Agamemnonem
857 2270 981 2301 ducem

282 2318 429 2349 omnium
457 2318 598 2357 factum,
621 2320 710 2360 quod
736 2325 870 2350 ceteros
895 2319 982 2350 divi-

285 2367 340 2398 tiis
354 2373 545 2408 superaret,
561 2370 688 2410 quippe
702 2370 760 2411 qui
775 2374 901 2410 praeter
917 2370 982 2401 Pe-

283 2417 504 2456 loponnesum
523 2419 636 2458 plures
649 2420 774 2451 insulas
783 2421 844 2451 sub
855 2420 984 2452 ditione

286 2473 431 2502 teneret,
450 2473 485 2497 ut
504 2468 672 2510 Rhodum,
689 2469 856 2510 AEginam,
870 2473 934 2502 &c.

328 2521 349 2536 W
372 2516 491 2547 Merito
520 2518 692 2559 acciderat]
727 2519 830 2550 Certe
864 2519 984 2550 rescri-

286 2565 433 2596 bendum
463 2570 471 2584 ‘
490 2567 641 2597 accidit!
702 2569 778 2600 Nisi
807 2567 900 2600 dicas
932 2568 985 2600 hic

287 2615 418 2647 Noster
436 2616 520 2645 male
539 2621 694 2656 tempora
708 2621 869 2649 mutasse.

330 2669 345 2685 ¹
361 2666 504 2707 Ajacem]
520 2666 756 2700 Telamonium
773 2668 916 2709 scilicet,
929 2668 986 2710 qui

287 2714 411 2745 Achilli
430 2716 658 2747 consobrinus.

332 2771 345 2791 v
375 2765 531 2805 Diurnas]
555 2766 687 2807 Repete
704 2766 713 2783 ‘
730 2766 845 2799 vices.’

331 2818 343 2834 ²
370 2814 442 2844 Toto
458 2814 594 2855 biennio]
619 2815 697 2847 vid.
721 2817 785 2848 loc.
802 2816 901 2858 insig.
920 2816 986 2848 Eu-

1036 1970 1141 2002 stath.
1158 1970 1239 2001 circ.
1255 1969 1355 2001 finem
1375 1970 1418 2001 Il.

1078 2024 1093 2040 ³
1119 2020 1261 2060 Undique
1276 2019 1413 2059 versum]
1446 2019 1558 2051 Unica
1581 2029 1665 2051 voce
1688 2020 1737 2052 le-

1036 2069 1182 2109 gendum
1217 2070 1483 2110 undiqueversum.
1543 2069 1601 2100 Sic
1630 2069 1736 2102 Solin.

1036 2120 1089 2149 53.
1106 2120 1116 2135 ⁴
1131 2118 1412 2159 undiqueversum
1430 2128 1639 2160 quousqnam
1655 2128 1736 2159 gen-

1037 2168 1119 2199 tium
1138 2168 1204 2199 siut
1221 2168 1262 2199 ad
1288 2168 1414 2209 regiam
1439 2168 1633 2200 Memnonis
1656 2177 1738 2200 con-

1036 2218 1187 2250 venere.'

1079 2269 1094 2290 ¹>
1109 2269 1235 2300 lncurz'a
1245 2269 1431 2310 navigandi]
1446 2268 1528 2309 Pro,
1538 2269 1668 2300 incuria
1680 2278 1736 2300 eo-

1038 2328 1110 2350 rum
1128 2329 1202 2360 quae
1229 2319 1271 2350 ad
1299 2319 1523 2360 navigandum
1545 2319 1738 2351 necessaria

1038 2373 1147 2400 erant.

1080 2424 1094 2440 0
1118 2417 1249 2458 Aulida]
1282 2418 1390 2451 Juxta
1406 2418 1568 2459 Euripum
1585 2418 1739 2450 Euboeae.

1080 2468 1096 2489 d
1122 2469 1226 2499 Nat-es
1241 2468 1376 2508 centum]
1400 2468 1543 2508 Supple,
1559 2468 1738 2508 praemisit.

1039 2517 1195 2553 adduxit,
1208 2520 1273 2549 ἀεὶ.
1301 2519 1346 2549 Et
1363 2518 1548 2549 Homerum
1563 2519 1739 2559 praecipue

1038 2567 1094 2598 liic
1117 2567 1271 2608 sequitur
1297 2567 1428 2604 Dictys,
1455 2567 1522 2598 etsi
1547 2567 1590 2598 ab
1615 2576 1656 2599 eo
1679 2568 1740 2599 ali-

1040 2617 1173 2657 quando
1194 2617 1349 2647 diversus
1366 2617 1462 2655 abit3
1484 2616 1574 2657 quod
1599 2625 1663 2657 ego
1689 2617 1740 2648 in-

1040 2667 1173 2698 dicasse
1196 2671 1369 2706 contenta,
1392 2667 1521 2708 reliqua
1542 2667 1740 2707 praeteribo,

1040 2717 1097 2749 ubi
1114 2726 1189 2747 cum
1207 2717 1265 2748 illo
1280 2716 1450 2756 congruit.

1083 2771 1096 2787 e
1120 2766 1268 2806 Aliasque
1282 2766 1463 2806 sexaginta]
1490 2765 1600 2797 Nemo
1615 2774 1681 2797 non
1694 2766 1741 2798 vi-

1041 2816 1100 2848 det
1116 2816 1304 2860 ‚legendum
1328 2825 1421 2848 esse:
1449 2816 1579 2857 aliisque
1593 2815 1740 2856 sexagin-
