1915 3231
257 260 339 300 104
716 272 928 304 mc'rros
963 273 1236 306 cRETENS1s

257 366 454 411 cunctae,
484 364 589 417 quid
623 366 835 419 agendum
865 368 956 417 sit‚⁹
988 369 1195 410 consulit.
1255 369 1344 410 Sed
1365 371 1619 425 priusquam
1641 383 1701 413 ex

257 443 373 471 more
405 433 635 473 sententiae
671 432 933 483 dicerentur,
963 432 1133 487 regulid
1164 437 1397 477 concilium
1426 442 1603 490 repente
1643 438 1702 478 ir-

255 503 474 551 rumpunt,
503 503 637 553 atque
666 501 900 542 inconditis
933 503 1130 543 moribus
1167 503 1329 544 malum
1362 503 1543 556 singulis
1576 504 1702 545 mini-

256 567 414 614 tantur,
435 565 474 605 si
494 566 631 617 aliter,
651 580 783 621 quam
804 569 914 622 ipsis
936 569 1161 619 videretur,
1180 570 1470 611 decernerent.
1520 570 1702 611 Interim

257 630 399 672 omnis
420 633 611 686 populus
632 634 810 686 indigne
842 635 1082 677 admissam
1106 637 1324 690 injuriam,
1354 640 1484 690 atque
1511 636 1558 677 in
1585 637 1701 678 hunc

255 697 433 739 modum
453 699 593 740 multa
613 701 714 750 alia,
735 714 832 742 cum
852 702 1133 743 execratione
1154 703 1449 744 reclamabat.²
1508 702 1578 743 Ob
1599 714 1700 756 quae

256 763 510 806 Alexander
543 767 747 820 cupidine
786 769 920 809 animi
951 782 1162 823 praeceps,
1197 770 1358 811 veritus
1388 783 1441 811 ne
1480 769 1587 823 quid
1623 769 1702 810 ad-

258 845 431 872 versum
461 846 508 873 se
529 846 555 874 a
582 835 872 888 popularibus
903 838 1098 887 oriretur,
1129 836 1322 890 stipatus
1353 837 1534 878 armatis
1561 835 1702 877 fratri-

256 898 340 938 bus
377 900 593 953 impetum
632 902 678 942 in
716 903 1036 944 multitudinem
1074 903 1196 953 facit,
1232 904 1417 945 multos¹
1447 904 1700 945 obtruncat:

254 965 408 1018 reliqui
437 967 682 1008 interventu
704 982 948 1021 procerum,
979 969 1056 1023 qui
1086 970 1131 1010 in
1153 970 1342 1011 concilio
1373 970 1560 1020 fuerant,
1591 969 1700 1010 duce

256 1030 493 1080 liberantur
513 1032 747 1075 Antenore.
809 1035 877 1076 Ita
905 1036 1078 1077 infectis
1111 1038 1259 1086 rebus,
1290 1038 1480 1091 populus
1510 1039 1702 1078 contem-

256 1098 321 1137 tui
367 1094 562 1149 habitus,
601 1114 690 1141 non
731 1102 826 1141 sine
861 1103 1053 1155 pernicie
1104 1100 1217 1153 sua,f
1263 1103 1442 1144 domum
1480 1102 1700 1143 discedit.2

257 1162 338 1216 [9.]
370 1165 485 1206 Dein
517 1173 676 1209 secuta
695 1168 764 1209 die
786 1181 864 1209 rex
893 1168 1066 1210 hortatu
1097 1169 1303 1211 Hecubae
1332 1170 1553 1211 Helenam
1573 1168 1698 1218 adit,³

257 1243 443 1285 eamque
464 1234 647 1287 benigne
675 1235 882 1285 salutans,
904 1235 1066 1275 bonum
1090 1236 1284 1277 animum
1317 1236 1382 1276 uti
1414 1240 1578 1289 gereret
1598 1235 1699 1276 hor-

256 1302 387 1348 tatur,
410 1313 511 1353 quae
533 1301 745 1355 cujusque
765 1307 916 1352 esset,g
945 1303 1138 1356 requirit.
1196 1303 1313 1344 Tum
1342 1303 1436 1352 illa,
1456 1301 1699 1344 Alexandri

259 1376 307 1404 se
337 1364 505 1407 affinem
535 1368 780 1421 respondit,
809 1369 1036 1423 magisque
1055 1369 1112 1411 ad
1134 1370 1358 1411 Priamum
1380 1374 1428 1410 et
1449 1368 1697 1417 Hecubam,

257 1444 389 1483 quam
422 1433 478 1474 ad
509 1434 746 1476 Plisthenis
775 1435 890 1476 filios
922 1449 1080 1488 genere
1110 1436 1331 1490 pertinere,
1359 1440 1562 1489 repetens
1582 1434 1701 1475 ordi-

256 1503 389 1538 nem*
418 1513 591 1541 omnem
612 1502 851 1555 majorum:
890 1502 1091 1543 Danaum
1112 1503 1226 1544 enim
1261 1508 1397 1556 atque
1419 1499 1697 1555 Agenorem²⁸

257 1567 302 1605 et
331 1566 402 1607 sui
424 1573 467 1608 et
485 1567 651 1608 Priami
681 1569 849 1621 generis
881 1572 1076 1610 auctores
1108 1583 1224 1612 esse.

256 1630 406 1673 siona⁵
443 1633 589 1675 Danai
624 1634 728 1685 filia,
762 1639 803 1676 et
832 1633 1030 1687 Atlante,
1061 1636 1277 1678 Electram
1306 1640 1467 1682 natam,
1489 1647 1623 1689 quam
1639 1645 1698 1675 ex

859 1752 1099 1765 eeeeeeeeeeee

256 1835 360 1869 benees
389 1836 525 1877 conjicit
554 1837 769 1869 Meroen—9
804 1838 930 1878 Delph.
964 1839 1048 1871 Dein
1061 1861 1069 1870 .
1084 1860 1092 1870 .
1106 1861 1115 1870 .
1128 1861 1137 1871 .
1153 1841 1303 1870 esset—1
1327 1836 1451 1878 Delpb.
1478 1837 1698 1876 multosque.—

256 1881 277 1908 2
301 1878 427 1920 Delph.
441 1879 656 1912 discessit.-3
673 1880 799 1921 Delph.
815 1881 940 1918 Deinde
953 1902 963 1913 .
973 1904 981 1912 .
995 1904 1003 1912 .
1015 1881 1169 1913 adiie.—4
1186 1881 1313 1921 Delpb.
1328 1880 1555 1920 originem—5
1569 1877 1697 1919 Delph.

908 1985 942 2017 N
946 1985 1047 2018 OTAE

1285 1569 1490 1622 Namque
1523 1579 1582 1608 ex
1603 1567 1699 1607 He-
1756 1567 1760 1571 '

299 2058 313 2079 ὓ
336 2057 467 2097 Reguli]
497 2057 573 2088 Filii
598 2058 736 2090 Priami.
780 2059 949 2091 Putabam

256 2106 437 2148 legendum
449 2108 459 2123 ‘
470 2105 577 2146 regii:
592 2113 629 2138 ut
639 2108 951 2148 subintelligeretur

257 2161 266 2177 ‘
286 2156 406 2198 pueri.'
449 2156 517 2187 Sed
535 2157 583 2187 ita
601 2157 693 2198 loqui
710 2164 800 2190 amat
817 2159 952 2199 Dictys.

255 2208 312 2241 Sic
328 2205 428 2246 infra,
447 2207 456 2224 ‘
474 2206 519 2238 Et
540 2206 662 2248 reliqui
685 2208 817 2248 reguli,'
838 2208 880 2240 de
896 2210 950 2240 iis-

256 2258 346 2289 dem.

299 2312 313 2328 θ
337 2304 552 2345 Reclanmbat]
590 2305 788 2339 Reclamare
814 2308 952 2348 proprie

257 2362 310 2389 est
327 2356 578 2395 contradicere,
593 2365 761 2397 recusare,
778 2357 951 2398 refragari.

257 2408 384 2438 Verum
400 2405 453 2436 hic
469 2405 645 2445 usurpavit
661 2415 722 2446 pro
737 2408 861 2448 saepins
883 2409 952 2439 cla-

257 2466 360 2489 mare.
417 2455 523 2495 Cujus
553 2455 808 2496 significationis
837 2467 950 2489 exem-

258 2508 351 2548 plum
367 2505 495 2537 frustra
510 2505 590 2536 alibi
607 2515 750 2545 quaeras.

300 2556 312 2578 s
333 2557 406 2589 Non
420 2557 487 2589 sine
497 2556 635 2597 pernicie
648 2557 718 2597 sua]
749 2558 837 2591 Quia
852 2558 950 2590 multi

259 2607 352 2640 caesi.

300 2661 317 2684 ε
342 2656 422 2692 Quae
445 2655 589 2696 cujusque
611 2655 704 2696 esset]
730 2657 807 2689 Hoc
828 2657 952 2698 agebat

258 2706 427 2745 Priamus,
444 2710 482 2736 ut
497 2715 516 2736 a
531 2715 566 2736 se
588 2705 747 2737 invidiam
769 2711 951 2738 amoveret.

258 2756 343 2786 Erat
356 2759 468 2785 autem
483 2754 538 2785 ille
555 2755 701 2785 solennis
716 2764 788 2786 mos
802 2756 835 2786 in
852 2755 952 2786 fidem

258 2802 517 2844 recipientium:
542 2803 591 2835 sic
608 2804 698 2844 apud
714 2804 835 2845 virgil.
846 2804 887 2836 de
903 2805 954 2836 Si·

1003 2069 1112 2092 none:
1133 2060 1142 2077 ‘
1158 2060 1344 2091 Hortamur
1367 2057 1512 2100 farique
1533 2057 1697 2098 sanguine

1002 2116 1129 2148 cretuS,
1145 2110 1278 2142 Quidve
1299 2109 1400 2146 ferat,
1423 2112 1601 2147 memoret,
1620 2117 1696 2148 quae

1003 2159 1048 2190 sit
1063 2159 1185 2190 fiducia
1200 2157 1325 2198 capto.’
1369 2157 1467 2191 Quod
1485 2157 1513 2188 si
1529 2157 1612 2188 illud
1630 2166 1696 2189 non

1003 2212 1176 2249 peterent,
1211 2208 1380 2243 dicebant,
1422 2208 1432 2225 ⁴
1446 2207 1598 2248 quisquis
1635 2207 1698 2238 es.'

1004 2257 1114 2296 Idem,
1143 2256 1227 2288 ibid.
1269 2256 1455 2296 ‘Quisquis
1483 2266 1533 2297 es,
1556 2257 1698 2288 amissos

1003 2307 1080 2338 hinc
1097 2308 1168 2348 jam
1185 2306 1383 2338 obliviscere
1400 2306 1544 2338 Graios:
1571 2308 1699 2340 Noster

1005 2356 1098 2388 eris!
1129 2355 1225 2387 Idem
1242 2361 1277 2388 et
1294 2356 1419 2387 Livius.

1047 2405 1063 2427 ¹²
1074 2406 1219 2438 Danaum
1231 2406 1313 2436 enim
1322 2409 1412 2445 atque
1421 2405 1613 2446 Agenorem]
1629 2405 1699 2436 An-

1005 2460 1140 2496 tequam
1150 2455 1191 2486 ad
1201 2455 1312 2486 Danai
1323 2461 1357 2486 et
1367 2454 1533 2495 Agenoris
1545 2461 1699 2495 posteros

1004 2504 1193 2544 deveniret,
1209 2504 1313 2542 ipsius
1339 2504 1448 2534 Danai
1472 2507 1508 2535 et
1532 2502 1700 2543 Agenoris

1005 2554 1162 2594 cognatio
1185 2557 1264 2584 ante
1291 2553 1408 2584 oculos
1437 2552 1595 2593 ponenda
1620 2551 1700 2593 fuit,

1005 2613 1079 2644 quoe
1108 2602 1186 2634 talis
1208 2606 1281 2640 est;
1306 2602 1489 2642 Neptunus
1517 2611 1559 2632 ex
1589 2601 1699 2643 Libya

1006 2652 1124 2692 genuit
1147 2652 1268 2682 Belum
1298 2654 1335 2682 et
1360 2649 1567 2690 Agenorem,
1595 2651 1698 2684 Belus

1006 2704 1180 2734 Danaum:
1194 2702 1242 2733 sic
1252 2700 1388 2740 Agenor
1399 2699 1584 2731 Danaifuit
1593 2709 1698 2732 avun-

1006 2752 1112 2786 culus.
1128 2759 1243 2782 eorum
1260 2754 1374 2781 autem
1389 2754 1543 2791 posteros
1558 2749 1606 2782 sie
1621 2758 1698 2791 per·

1006 2800 1160 2842 sequitur
1174 2799 1307 2839 Dictys.
