1915 3231
550 318 611 348 DE
646 316 802 346 BELLo
835 315 1062 346 TROJANO
1099 316 1193 345 Liss.
1228 315 1276 352 ιι,
1543 305 1627 347 169

178 409 289 465 [36]
321 411 454 462 Quod
475 411 549 453 ubi
568 411 707 454 nostri
726 410 1082 459 animadvertere,
1103 411 1147 451 in
1170 422 1375 463 campum
1397 412 1627 463 progressi,

179 492 302 519 more
322 479 494 532 militiae
517 479 658 520 aciem
679 479 897 527 ordinant,
918 477 1124 530 magistro
1148 490 1200 518 ac
1221 481 1489 531 praeceptore
1510 490 1630 518 com-

180 545 370 599 ponendi
392 538 629 587 Mnestheo
649 545 939 587 Atheniensi:
971 544 1176 586 ordinant
1210 548 1355 592 autem
1374 556 1454 597 per
1483 548 1630 596 gentes

181 616 314 666 atque
345 613 544 666 regiones
586 614 798 666 singulas,
841 625 1041 654 seorsum
1079 615 1283 652 manente
1314 609 1493 652 Achille
1529 622 1631 650 cum

182 680 510 734 Myrmidonum
532 680 741 722 exercitu.
803 680 852 721 Is
888 692 1076 733 namque
1103 691 1352 733 quanquam
1382 678 1439 718 ob
1463 676 1632 717 illatam

181 747 237 787 ab
276 736 604 799 Agamemnone
644 747 862 801 injuriam,
906 750 950 788 et
995 744 1231 786 abductam
1270 742 1633 798 Hippodamiam,

181 813 286 854 nihil
321 813 455 854 animi
489 814 741 863 remiserat3
785 818 931 854 tamen
963 813 1158 854 maxime
1192 812 1473 864 indignatus²
1513 808 1634 863 quod

180 880 355 934 reliquis
387 880 574 922 ducibus
606 880 663 921 ad
690 894 865 922 coenam
889 879 1110 929 deductis,
1140 879 1262 919 solus
1293 877 1535 918 contemtui
1556 875 1634 916 ha-

182 948 300 989 bitus
322 948 685 990 intermitteretur.
746 948 950 989 Ceterum
972 947 1179 988 ordinato
1210 945 1420 994 exercitu,
1448 957 1501 985 ac
1529 948 1634 984 tunc

183 1015 369 1068 primum
390 1016 590 1056 omnibus
614 1015 786 1069 copiis³
817 1014 1052 1055 adversum
1086 1026 1132 1053 se
1159 1012 1386 1053 instructis
1420 1011 1635 1059 hostibus,

183 1083 259 1122 ubi
292 1087 442 1123 neutra
463 1095 567 1135 pars
589 1080 896 1123 committereb
926 1080 1074 1130 audet,
1104 1079 1334 1133 paulisper
1354 1079 1398 1118 in
1418 1078 1547 1118 lococ
1570 1089 1636 1117 re·

183 1149 312 1190 tentis
348 1150 579 1199 militibus,
615 1153 823 1203 tanquam
863 1147 916 1189 de
949 1147 1162 1189 industria
1197 1147 1400 1199 utrinque
1436 1144 1637 1198 receptui

186 1217 369 1258 canitur.
429 1216 537 1271 [37.]
565 1217 758 1271 Jamque
779 1216 931 1257 Graeci
951 1215 1136 1268 regressi
1156 1214 1214 1255 ad
1235 1225 1389 1263 naveS,
1421 1224 1541 1253 arma
1562 1211 1638 1253 de-

186 1295 361 1335 ponere,
389 1297 442 1325 ac
463 1285 621 1337 singuli
641 1297 721 1338 per
739 1285 839 1325 loca
859 1283 993 1324 solita
1014 1295 1176 1336 corpus
1198 1282 1296 1322 cibo
1318 1292 1470 1321 curare
1490 1291 1639 1320 occoe-

187 1354 369 1402 perant;
402 1364 501 1392 cum
528 1351 722 1392 Achilles
751 1351 892 1391 ultum
925 1350 988 1391 ire
1019 1350 1203 1404 cupiens
1235 1347 1433 1402 injurias,
1465 1346 1639 1399 ignaros

188 1417 360 1458 consilii
383 1419 450 1458 sui
470 1424 660 1468 nostrOS,
691 1422 734 1459 et
753 1418 809 1458 ob
831 1416 877 1458 id
898 1418 1043 1458 otiose
1069 1419 1265 1468 agentes,
1297 1415 1412 1455 clam
1434 1413 1637 1454 invadere

188 1487 341 1524 tentat.
399 1482 460 1524 At
476 1484 554 1524 ubi
570 1484 763 1537 Ulysses
781 1497 808 1525 a
830 1481 1124 1533 custodibuS,d
1148 1483 1224 1536 qui
1245 1481 1521 1536 eruptionem
1540 1479 1638 1532 ejus

188 1556 523 1603 praesenserant,
556 1564 645 1592 rem
673 1551 896 1604 comperit,
918 1563 1102 1604 propere
1134 1549 1271 1590 duces
1292 1549 1639 1589 circumcursans

187 1629 343 1669 magna
375 1631 486 1659 voce
523 1624 682 1667 monet,
714 1623 848 1671 atque
885 1618 1077 1658 hortatur
1104 1617 1171 1657 uti
1202 1615 1334 1656 armis
1366 1614 1551 1666 arreptis
1573 1617 1641 1654 tu·

187 1689 363 1724 erentur
397 1698 525 1726 sese:
567 1686 669 1726 dein
704 1685 935 1726 consilium
972 1685 1286 1738 inceptumque
1320 1681 1510 1723 Achillis
1550 1679 1641 1720 sin-

189 1751 304 1803 gulis
334 1753 499 1805 aperit:
531 1767 618 1806 quo
642 1753 836 1805 cognito,
866 1752 1031 1792 clamor
1058 1752 1210 1804 ingens
1231 1751 1379 1798 oritur,
1399 1746 1644 1788 festinanti-

189 1818 271 1858 bus
294 1819 349 1859 ad
370 1833 493 1862 arma
509 1821 682 1861 cunctis
703 1834 757 1861 ac
778 1833 975 1860 seorsum
993 1819 1074 1859 sibi
1091 1819 1275 1871 singulis
1292 1814 1641 1858 consulentibus.

192 1885 263 1926 Ita
283 1886 482 1928 Achilles
503 1901 725 1942 praeverso
760 1887 814 1929 de
845 1901 893 1929 se
925 1887 1108 1935 nuntio,e
1139 1885 1215 1927 ubi
1251 1897 1403 1926 omnes
1435 1883 1478 1923 in
1509 1881 1642 1923 armis

848 2010 877 2041 N
887 2008 990 2040 OTAE

192 2092 264 2114 rum
291 2082 405 2123 lingua
430 2083 498 2114 late
526 2083 756 2124 dispersorum
780 2082 887 2114 homi-

191 2132 296 2163 num!

234 2187 246 2202 z
263 2182 376 2214 Tamen
390 2182 523 2213 maxime
537 2181 735 2222 indignatus]
747 2182 889 2223 Supple,

192 2237 277 2262 erat.
321 2232 386 2263 Sed
411 2242 473 2272 ego
498 2232 552 2264 hic
570 2232 702 2274 Dictyn
729 2232 889 2272 demiror,

192 2282 248 2322 qui
273 2282 439 2313 Achillem
469 2292 534 2314 non
561 2287 629 2314 tam
645 2284 689 2315 ob
705 2283 889 2315 abductam

193 2331 456 2372 Hippodamiam
483 2332 692 2373 indignatum
714 2333 894 2372 describit,

193 2392 291 2423 quam
316 2382 406 2423 quod
433 2381 475 2413 ad
497 2391 626 2413 coenam
643 2392 718 2414 cum
734 2384 808 2414 aliis
825 2393 891 2414 non

193 2431 296 2462 suerit
322 2437 473 2463 vocatus.
524 2432 731 2463 Meminerat
758 2433 893 2464 scilicet

195 2487 310 2512 noster
337 2481 461 2521 Dictys
489 2481 583 2512 Deos
610 2482 715 2513 etiam
742 2482 820 2513 olim
847 2482 891 2514 ob

195 2531 302 2561 simile
320 2530 531 2561 commissum
548 2531 665 2562 clades
680 2532 815 2572 populis
832 2533 892 2563 im-

196 2581 335 2621 misisse,
360 2586 398 2612 ut
421 2581 462 2612 ab
487 2581 526 2612 iis
551 2591 668 2621 poenas
685 2586 894 2622 repeterent.

196 2630 273 2662 Hoc
286 2635 400 2662 autem
416 2631 612 2661 immutasse
624 2630 759 2662 videtur
772 2631 895 2671 Dictys

197 2690 241 2712 ex
258 2680 456 2721 Aristotele,
482 2689 523 2711 n.
544 2680 645 2713 Rhet.
669 2683 723 2712 24.
748 2681 805 2713 ubi
831 2681 851 2719 ἢ
872 2681 902 2712 εἴ

197 2741 245 2761 τις
263 2729 352 2769 φαίη,
366 2729 404 2761 τὸ
420 2728 469 2760 ἐπὶ
484 2731 606 2761 δεῖπνον
621 2730 772 2766 κληθῆναι
788 2729 894 2769 τιμιώ-

198 2788 305 2810 τατον·
327 2780 376 2811 διὰ
393 2778 454 2820 γὰρ
472 2779 510 2812 τὸ
533 2779 576 2819 μὴ
590 2781 742 2817 κληθῆναι
757 2780 774 2811 ὃ
787 2780 896 2820 Ἀχιλ-

201 2828 272 2875 λεὺς
287 2828 410 2867 ἐμήνισε
419 2830 485 2861 τοῖς
496 2829 635 2869 Ἀχαιοῖς
650 2831 682 2861 ἐν
695 2832 827 2869 Τενεδῷ.
857 2831 896 2862 ‘0

201 2878 226 2908 δ’
249 2878 289 2910 ὡς
310 2877 531 2919 ἀτιμαζόμενος
555 2879 693 2922 ἐμήνισε,
718 2880 836 2919 συνέβη
858 2881 892 2913 δὲ

940 2082 1032 2112 τοῦτο
1047 2080 1097 2112 ἐπὶ
1113 2081 1168 2111 τοῦ
1182 2078 1225 2118 μὴ
1241 2079 1403 2116 κληθῆναι.
1420 2078 1429 2095 ‘
1447 2075 1515 2107 Aut
1528 2076 1554 2107 si
1571 2076 1645 2118 quis

942 2130 1046 2167 dicat,
1063 2130 1105 2161 ad
1123 2139 1254 2161 coenam
1273 2129 1394 2167 vocari,
1421 2125 1645 2158 honorificen-

943 2181 1131 2219 tissimum;
1158 2190 1233 2210 nam
1250 2179 1326 2221 quia
1342 2188 1406 2209 non
1424 2182 1562 2209 vocatus
1579 2176 1646 2208 fuit

942 2232 1107 2271 Achilles,
1132 2231 1326 2261 succensuit
1354 2228 1496 2260 Achivis
1520 2229 1552 2258 in
1580 2228 1646 2258 Te-

943 2281 1044 2313 nedo.
1089 2280 1154 2311 Ille
1181 2285 1294 2310 autem
1320 2279 1400 2319 quia
1416 2287 1482 2308 non
1501 2277 1647 2308 aestima-

947 2337 1000 2364 tus
1019 2331 1131 2362 fuerat
1158 2329 1366 2367 succensuit,
1387 2326 1593 2368 acceditque
1610 2325 1645 2357 id

946 2392 988 2414 ex
1004 2391 1045 2412 eo
1061 2380 1150 2422 quod
1170 2389 1234 2410 non
1253 2383 1389 2409 vocatus
1407 2375 1496 2407 fuit!

989 2437 1004 2453 ὃ
1029 2430 1182 2462 Omnibus
1207 2428 1319 2468 copiis]
1346 2428 1355 2444 ‘
1370 2424 1551 2457 Instructis
1573 2425 1646 2456 hos·

948 2482 1038 2512 tibus
1065 2479 1244 2511 adversum
1272 2487 1308 2507 se
1336 2475 1489 2507 omnibus
1516 2474 1647 2515 copiis.'

946 2531 1220 2570 Subintelligitur
1236 2526 1446 2569 praepositio,
1459 2526 1469 2544 ‘
1483 2535 1559 2557 cum
1576 2534 1647 2556 om-

948 2582 1046 2614 nibus
1062 2578 1191 2620 copiis.’

990 2631 1005 2653 b
1030 2627 1246 2668 Committere]
1280 2627 1440 2667 Proprie,
1463 2625 1496 2657 id
1517 2630 1582 2666 est,
1597 2625 1646 2656 in·

951 2681 1066 2722 cipere
1080 2691 1087 2709 ε
1102 2688 1161 2710 nos
1175 2678 1317 2709 dicimus
1333 2677 1462 2706 donner.

989 2736 1003 2752 ⁰
1026 2731 1065 2762 In
1079 2729 1157 2768 loco]
1182 2728 1341 2760 Graecum
1359 2724 1476 2757 αὐτόθι.

991 2780 1006 2802 ‘¹
1029 2780 1059 2812 A
1075 2777 1265 2818 custodibus]
1293 2777 1361 2807 Des
1375 2775 1561 2807 sentinelles.

993 2835 1007 2852 e
1029 2831 1194 2862 Praeverso
1209 2829 1246 2858 de
1261 2836 1294 2858 se
1307 2825 1432 2865 nuntio]
1466 2824 1497 2857 Ι.
1514 2834 1544 2856 e.
1561 2833 1647 2864 pra?-

946 2884 1127 2922 occupato.
1164 2877 1261 2918 Virg.
1277 2877 1287 2895 ‘
1303 2876 1552 2915 volucremque
1568 2873 1648 2914 fuga
