1915 3231
240 251 297 294 88
820 263 936 295 Lon.
969 262 1117 294 sinos

239 360 270 400 J
275 360 370 401 ovis
401 363 446 401 et
472 360 626 410 Ledae,
648 373 749 413 quae
782 361 947 415 conjux
976 359 1191 414 Tyndari.
1251 358 1427 401 Horum
1457 360 1531 401 ille
1555 373 1691 414 equo-

237 439 330 467 rum
352 427 556 469 domitor.
616 427 776 468 Horat.
799 439 829 468 1.
862 427 948 469 Od.
968 428 1038 469 12.
1059 429 1129 469 26.
1150 427 1222 468 hic
1246 440 1347 468 vero
1371 427 1594 481 pugillatu
1612 428 1691 466 no*-

238 493 367 535 bilis:
399 497 512 535 teste
532 493 697 535 ibidem
717 493 925 535 Horatio.

297 561 545 613 Pinguntur
556 561 723 615 pileati.
740 561 902 603 Catull.
919 571 1150 602 xxxvnl.
1164 560 1252 602 nisi
1265 561 1408 614 pileos
1422 573 1570 610 voces,
1589 572 1689 613 quae

238 627 340 669 aliis
362 628 621 669 olorinorum
645 641 828 670 ovorum
848 627 931 682 (ex
960 628 1017 668 iis
1048 627 1165 668 enim
1185 629 1405 681 prognati.
1451 627 1614 668 Horat.
1638 637 1690 666 11.

238 695 335 739 Sat.
356 696 397 737 1.
417 694 510 750 26.)
530 697 775 750 putamina.
833 697 1022 738 Lucian.
1053 697 1098 737 in
1130 697 1310 750 Dialog.
1330 696 1484 750 Apoll.
1506 699 1549 737 et
1570 694 1689 736 Mer-

237 777 330 805 cur.
352 763 483 805 Certe
504 763 549 804 hi
566 763 1019 819 LaconeS,(Pausan.
1038 764 1082 804 in
1097 764 1262 805 Lacon.
1275 767 1317 805 et
1336 760 1626 816 Messeniae.)
1646 766 1691 802 et

236 830 383 883 pileus
424 831 541 885 apud
580 831 820 885 Spartanos
848 831 1098 872 nobilitatis
1129 831 1316 885 insigne.
1376 831 1516 872 Pileis
1539 833 1689 870 autem

235 898 456 940 adduntur
489 899 651 940 stellae:
694 897 938 951 (Apuleius
970 909 1021 938 Χ.
1057 897 1242 939 Metam.
1301 896 1454 938 Valer.
1477 896 1689 945 Flaccus,

235 963 480 1018 Argonaut.
512 977 556 1005 v.
590 964 713 1019 361.)
744 979 843 1019 quae
873 965 1183 1017 navigantibus
1214 965 1444 1005 salutares.
1505 963 1688 1003 Lucian.

238 1032 417 1085 Dialog.
456 1033 532 1074 cit.
567 1033 725 1074 Horat.
757 1044 788 1073 1.
823 1031 910 1073 Od.
944 1032 988 1073 3.
1021 1031 1064 1072 3.
1111 1031 1249 1072 Silius
1284 1041 1369 1070 xv.
1404 1030 1560 1072 Punic.
1590 1030 1689 1070 643.

237 1097 464 1148 Quocirca
483 1112 568 1140 non
592 1100 735 1140 solum
764 1099 871 1151 pilei
901 1098 948 1139 hi
980 1098 1144 1139 stellati
1176 1097 1491 1138 maritimarum
1518 1097 1690 1137 urbium

234 1164 325 1218 (tot
347 1166 555 1207 Nummis
587 1164 798 1219 testibus)
827 1168 1043 1206 consueta
1078 1164 1312 1217 symbola:
1342 1176 1490 1204 verum
1526 1166 1569 1203 et
1602 1162 1690 1215 ipsi

235 1232 503 1286 Tyndaridae
516 1233 704 1274 littoreis
726 1232 908 1273 urbibus
928 1230 1119 1286 (Plinio,
1141 1231 1380 1281 Strabone,
1398 1234 1442 1272 et
1461 1230 1688 1284 Stephano

235 1298 555 1354 probantibus)
577 1312 659 1341 sua
674 1299 875 1339 detusere
890 1297 1081 1339 nomina.

293 1366 467 1408 Revera
487 1367 603 1408 enim
636 1365 762 1421 (aliis
783 1370 829 1406 et
855 1365 898 1405 in
927 1364 1129 1405 Zodiaco
1161 1377 1262 1405 esse
1281 1364 1494 1407 Geminos
1516 1377 1605 1405 non
1625 1364 1690 1417 ig-

234 1431 365 1487 noro)
385 1433 691 1475 tantummodo
714 1436 812 1473 sunt
827 1432 967 1484 ignes,
985 1432 1208 1473 stellarum
1230 1433 1390 1485 instar3
1422 1432 1540 1486 quod
1556 1436 1689 1472 mete-

235 1501 299 1541 ori
326 1514 463 1554 genus
493 1501 798 1553 navigantibus
830 1512 1104 1553 prosperum,
1140 1500 1180 1540 si
1211 1500 1255 1540 in
1282 1500 1480 1541 antennis
1512 1499 1688 1540 navium

235 1571 448 1621 appareat
469 1568 712 1621 geminum:
745 1567 866 1608 triste
893 1579 1000 1607 vero
1027 1566 1433 1621 periculosumque,
1463 1567 1503 1608 si
1538 1566 1687 1607 solita-

234 1635 346 1675 rium
377 1634 516 1689 (quod
550 1634 742 1675 Helenae
777 1631 1007 1687 tribuitur)
1041 1635 1086 1674 in
1112 1647 1247 1675 naves
1281 1633 1527 1675 delabatur.
1587 1633 1687 1674 Sta-

234 1703 339 1752 tius,
359 1712 432 1743 111.
465 1701 586 1755 Sylv.
616 1703 657 1742 2.
678 1700 719 1742 8.
742 1701 932 1752 Seneca,
953 1700 1012 1751 Q.
1028 1701 1189 1743 Natur.
1211 1712 1244 1741 1.
1261 1702 1302 1742 1.
1335 1701 1449 1742 Plin.
1476 1701 1537 1741 H.
1555 1701 1614 1742 N.
1635 1712 1687 1742 11.

235 1768 305 1809 37.

294 1834 531 1875 Nummum
548 1835 663 1876 hunc
685 1834 874 1889 Oyzelio
899 1834 1129 1884 debemus,
1159 1834 1235 1889 qui
1257 1847 1356 1875 eum
1387 1847 1410 1874 e
1438 1838 1565 1885 gente
1588 1833 1687 1874 Sul·

234 1902 454 1956 piciorum
473 1902 693 1945 Thesauri
712 1904 780 1943 41.
800 1902 892 1944 dat.

677 2074 925 2117 XXVIII.
985 2073 1260 2116 HECTOR.

759 2174 865 2215 Lus.
890 2184 963 2214 ιιι.
993 2172 1110 2214 CAP.
1130 2173 1171 2214 6.

277 2294 289 2311 ‘
310 2291 548 2344 Postquam
568 2288 738 2331 Hector
757 2303 835 2344 per
850 2289 983 2330 aliam
999 2291 1165 2342 partem
1179 2288 1339 2330 relicto
1361 2301 1489 2329 curru
1510 2289 1637 2330 aufu-

860 2355 1007 2408 gerat?

297 2435 341 2476 H
353 2445 522 2484 acron,
559 2433 724 2474 Priami
760 2437 806 2473 et
843 2432 1047 2474 Hecubae
1076 2431 1209 2481 filius,
1227 2429 1564 2472 Andromaches
1593 2444 1686 2472 ma-

237 2503 345 2543 ritus
374 2506 419 2542 ct
441 2500 736 2554 Astyanactis
769 2505 925 2553 pater;
956 2499 1149 2540 omnium
1179 2497 1471 2551 Trojanorum
1499 2498 1686 2539 fortissi-

236 2581 331 2609 mus
352 2582 363 2619 ;
394 2581 483 2621 quo
505 2568 672 2622 sospite
689 2566 823 2621 Troja
841 2565 1211 2620 inexpugnabilis.
1269 2565 1450 2613 Seneca,
1467 2565 1510 2605 in
1525 2564 1685 2606 Troad.

237 2634 354 2675 chor.
376 2635 473 2674 125.

296 2700 469 2741 Graecis
500 2701 746 2741 innumeras
791 2699 944 2741 clades
991 2698 1157 2748 attulit,
1195 2698 1410 2752 plurimos
1450 2697 1684 2747 interfecit,

238 2780 339 2808 cum
356 2766 388 2806 A
391 2766 494 2819 jace
512 2768 720 2820 singulari
742 2767 978 2809 certamino
997 2767 1221 2821 pugnavit.
1281 2765 1416 2806 Hom.
1439 2764 1494 2806 Il.
1516 2781 1552 2813 η.
