<?xml version="1.0" encoding="UTF-8"?>
<!DOCTYPE html PUBLIC "-//W3C//DTD XHTML 1.0 Transitional//EN"
    "http://www.w3.org/TR/xhtml1/DTD/xhtml1-transitional.dtd">
<html xmlns="http://www.w3.org/1999/xhtml" xml:lang="en" lang="en">
 <head>
  <title>
</title>
<meta http-equiv="Content-Type" content="text/html;charset=utf-8" />
  <meta name='ocr-system' content='tesseract 3.04.00' />
  <meta name='ocr-capabilities' content='ocr_page ocr_carea ocr_par ocr_line ocrx_word'/>
</head>
<body>
  <div class='ocr_page' id='page_1' title='image "./dictyscretensise01dictuoft_0088.png"; bbox 0 0 1915 3231; ppageno 0'>
   <div class='ocr_carea' id='block_1_1' title="bbox 342 236 1218 275">
    <p class='ocr_par' dir='ltr' id='par_1_1' title="bbox 342 236 1218 275">
     <span class='ocr_line' id='line_1_1' title="bbox 342 236 1218 275; baseline -0.001 -2"><span class='ocrx_word' id='word_1_1' title='bbox 342 236 397 273; x_wconf 50' lang='lat'><strong>50</strong></span> <span class='ocrx_word' id='word_1_2' title='bbox 919 245 1036 275; x_wconf 78' lang='lat' dir='ltr'><strong>Lun.</strong></span> <span class='ocrx_word' id='word_1_3' title='bbox 1070 244 1218 274; x_wconf 68' lang='lat' dir='ltr'><strong>smnus</strong></span> 
     </span>
    </p>
   </div>
   <div class='ocr_carea' id='block_1_2' title="bbox 338 337 1788 2054">
    <p class='ocr_par' dir='ltr' id='par_1_2' title="bbox 343 337 1784 461">
     <span class='ocr_line' id='line_1_2' title="bbox 343 337 1784 394; baseline -0.003 -10"><span class='ocrx_word' id='word_1_4' title='bbox 343 344 460 384; x_wconf 87' lang='lat' dir='ltr'><strong>Petr.</strong></span> <span class='ocrx_word' id='word_1_5' title='bbox 510 342 719 393; x_wconf 87' lang='lat' dir='ltr'><strong>Potitum,</strong></span> <span class='ocrx_word' id='word_1_6' title='bbox 747 342 801 383; x_wconf 83' lang='lat' dir='ltr'><strong>de</strong></span> <span class='ocrx_word' id='word_1_7' title='bbox 848 340 1064 382; x_wconf 84' lang='lat' dir='ltr'><strong>Amazon.</strong></span> <span class='ocrx_word' id='word_1_8' title='bbox 1111 340 1206 394; x_wconf 77' lang='lat'>21.)</span> <span class='ocrx_word' id='word_1_9' title='bbox 1255 352 1433 393; x_wconf 82' lang='lat' dir='ltr'><strong>quoque</strong></span> <span class='ocrx_word' id='word_1_10' title='bbox 1475 337 1784 381; x_wconf 87' lang='lat' dir='ltr'><strong>observatione</strong></span> 
     </span>
     <span class='ocr_line' id='line_1_3' title="bbox 343 409 490 461; baseline 0 -11"><span class='ocrx_word' id='word_1_11' title='bbox 343 409 490 461; x_wconf 79' lang='lat' dir='ltr'><strong>digna.</strong></span> 
     </span>
    </p>

    <p class='ocr_par' dir='ltr' id='par_1_3' title="bbox 341 471 1788 725">
     <span class='ocr_line' id='line_1_4' title="bbox 400 471 1786 528; baseline -0.004 -11"><span class='ocrx_word' id='word_1_12' title='bbox 400 476 600 517; x_wconf 90' lang='lat' dir='ltr'><strong>Mamma</strong></span> <span class='ocrx_word' id='word_1_13' title='bbox 620 475 780 516; x_wconf 83' lang='lat' dir='ltr'><strong>dextra</strong></span> <span class='ocrx_word' id='word_1_14' title='bbox 800 479 977 525; x_wconf 83' lang='lat' dir='ltr'><strong>exerta3</strong></span> <span class='ocrx_word' id='word_1_15' title='bbox 1008 487 1107 528; x_wconf 82' lang='lat' dir='ltr'><strong>quae</strong></span> <span class='ocrx_word' id='word_1_16' title='bbox 1129 473 1197 514; x_wconf 86' lang='lat' dir='ltr'><strong>vel</strong></span> <span class='ocrx_word' id='word_1_17' title='bbox 1228 473 1326 525; x_wconf 86' lang='lat' dir='ltr'><strong>igne</strong></span> <span class='ocrx_word' id='word_1_18' title='bbox 1359 471 1536 513; x_wconf 90' lang='lat' dir='ltr'><strong>admoto</strong></span> <span class='ocrx_word' id='word_1_19' title='bbox 1565 472 1786 520; x_wconf 83' lang='lat' dir='ltr'><strong>absumta,</strong></span> 
     </span>
     <span class='ocr_line' id='line_1_5' title="bbox 342 537 1788 592; baseline -0.005 -8"><span class='ocrx_word' id='word_1_20' title='bbox 342 543 410 584; x_wconf 91' lang='lat' dir='ltr'><strong>vel</strong></span> <span class='ocrx_word' id='word_1_21' title='bbox 431 542 598 592; x_wconf 86' lang='lat' dir='ltr'>fasciis,</span> <span class='ocrx_word' id='word_1_22' title='bbox 619 542 808 583; x_wconf 76' lang='lat' dir='ltr'><strong>vinculis</strong></span> <span class='ocrx_word' id='word_1_23' title='bbox 830 546 873 581; x_wconf 92' lang='lat' dir='ltr'><strong>et</strong></span> <span class='ocrx_word' id='word_1_24' title='bbox 905 540 1234 582; x_wconf 81' lang='lat' dir='ltr'>medicamentis</span> <span class='ocrx_word' id='word_1_25' title='bbox 1260 539 1401 579; x_wconf 91' lang='lat' dir='ltr'><strong>minor</strong></span> <span class='ocrx_word' id='word_1_26' title='bbox 1430 538 1611 578; x_wconf 81' lang='lat' dir='ltr'><strong>reddita.</strong></span> <span class='ocrx_word' id='word_1_27' title='bbox 1671 537 1788 590; x_wconf 89' lang='lat' dir='ltr'><strong>Hip-</strong></span> 
     </span>
     <span class='ocr_line' id='line_1_6' title="bbox 341 602 1786 662; baseline -0.005 -13"><span class='ocrx_word' id='word_1_28' title='bbox 341 612 558 662; x_wconf 84' lang='lat' dir='ltr'><strong>pocrates,</strong></span> <span class='ocrx_word' id='word_1_29' title='bbox 578 609 654 649; x_wconf 89' lang='lat' dir='ltr'><strong>lib.</strong></span> <span class='ocrx_word' id='word_1_30' title='bbox 685 607 740 648; x_wconf 93' lang='lat' dir='ltr'><strong>de</strong></span> <span class='ocrx_word' id='word_1_31' title='bbox 761 605 888 648; x_wconf 76' lang='lat' dir='ltr'><strong>Aere.</strong></span> <span class='ocrx_word' id='word_1_32' title='bbox 919 607 1134 655; x_wconf 79' lang='lat' dir='ltr'><strong>Galenus,</strong></span> <span class='ocrx_word' id='word_1_33' title='bbox 1162 606 1217 646; x_wconf 91' lang='lat' dir='ltr'><strong>de</strong></span> <span class='ocrx_word' id='word_1_34' title='bbox 1248 618 1392 658; x_wconf 88' lang='lat' dir='ltr'><strong>symp.</strong></span> <span class='ocrx_word' id='word_1_35' title='bbox 1424 603 1591 643; x_wconf 82' lang='lat' dir='ltr'><strong>Medic,</strong></span> <span class='ocrx_word' id='word_1_36' title='bbox 1614 602 1786 644; x_wconf 90' lang='lat' dir='ltr'><strong>Facult.</strong></span> 
     </span>
     <span class='ocr_line' id='line_1_7' title="bbox 341 673 1165 725; baseline -0.004 -9"><span class='ocrx_word' id='word_1_37' title='bbox 341 676 403 716; x_wconf 85' lang='lat' dir='ltr'><strong>ita</strong></span> <span class='ocrx_word' id='word_1_38' title='bbox 423 674 475 716; x_wconf 86' lang='lat' dir='ltr'><strong>de</strong></span> <span class='ocrx_word' id='word_1_39' title='bbox 494 677 737 723; x_wconf 85' lang='lat' dir='ltr'>Amazone,</span> <span class='ocrx_word' id='word_1_40' title='bbox 754 674 875 725; x_wconf 84' lang='lat' dir='ltr'><strong>Virg.</strong></span> <span class='ocrx_word' id='word_1_41' title='bbox 894 685 924 714; x_wconf 84' lang='lat'><strong>1.</strong></span> <span class='ocrx_word' id='word_1_42' title='bbox 947 674 1049 714; x_wconf 91' lang='lat' dir='ltr'><strong>AEn.</strong></span> <span class='ocrx_word' id='word_1_43' title='bbox 1066 673 1165 713; x_wconf 83' lang='lat'><strong>490.</strong></span> 
     </span>
    </p>

    <p class='ocr_par' dir='ltr' id='par_1_4' title="bbox 509 739 1745 851">
     <span class='ocr_line' id='line_1_8' title="bbox 509 739 1546 792; baseline -0.004 -11"><span class='ocrx_word' id='word_1_44' title='bbox 509 739 657 781; x_wconf 89' lang='lat' dir='ltr'><strong>Aurea</strong></span> <span class='ocrx_word' id='word_1_45' title='bbox 677 741 938 781; x_wconf 79' lang='lat' dir='ltr'><strong>subnectens</strong></span> <span class='ocrx_word' id='word_1_46' title='bbox 960 746 1125 781; x_wconf 82' lang='lat' dir='ltr'><strong>exertae</strong></span> <span class='ocrx_word' id='word_1_47' title='bbox 1147 739 1322 792; x_wconf 87' lang='lat' dir='ltr'><strong>cingula</strong></span> <span class='ocrx_word' id='word_1_48' title='bbox 1342 750 1546 778; x_wconf 84' lang='lat' dir='ltr'><strong>mammae</strong></span> 
     </span>
     <span class='ocr_line' id='line_1_9' title="bbox 510 808 1745 851; baseline 0.002 -3"><span class='ocrx_word' id='word_1_49' title='bbox 510 808 738 848; x_wconf 86' lang='lat' dir='ltr'><strong>Bellatrix.</strong></span> <span class='ocrx_word' id='word_1_50' title='bbox 1741 844 1745 851; x_wconf 87' lang='lat'><em>.</em></span> 
     </span>
    </p>

    <p class='ocr_par' dir='ltr' id='par_1_5' title="bbox 340 868 1784 1126">
     <span class='ocr_line' id='line_1_10' title="bbox 398 868 1784 925; baseline -0.004 -11"><span class='ocrx_word' id='word_1_51' title='bbox 398 873 674 914; x_wconf 86' lang='lat' dir='ltr'><strong>Amazonum</strong></span> <span class='ocrx_word' id='word_1_52' title='bbox 705 881 849 914; x_wconf 88' lang='lat' dir='ltr'><strong>autem</strong></span> <span class='ocrx_word' id='word_1_53' title='bbox 869 874 1022 914; x_wconf 91' lang='lat' dir='ltr'><strong>harum</strong></span> <span class='ocrx_word' id='word_1_54' title='bbox 1044 873 1193 925; x_wconf 86' lang='lat' dir='ltr'><strong>regina</strong></span> <span class='ocrx_word' id='word_1_55' title='bbox 1215 871 1513 919; x_wconf 82' lang='lat' dir='ltr'><strong>Penthesilea,</strong></span> <span class='ocrx_word' id='word_1_56' title='bbox 1535 871 1592 910; x_wconf 90' lang='lat' dir='ltr'><strong>ab</strong></span> <span class='ocrx_word' id='word_1_57' title='bbox 1614 868 1784 910; x_wconf 85' lang='lat' dir='ltr'><strong>Achille</strong></span> 
     </span>
     <span class='ocr_line' id='line_1_11' title="bbox 342 935 1784 994; baseline -0.005 -12"><span class='ocrx_word' id='word_1_58' title='bbox 342 954 486 992; x_wconf 85' lang='lat' dir='ltr'><strong>caesa3</strong></span> <span class='ocrx_word' id='word_1_59' title='bbox 518 945 648 993; x_wconf 85' lang='lat' dir='ltr'><strong>prout</strong></span> <span class='ocrx_word' id='word_1_60' title='bbox 677 941 810 981; x_wconf 90' lang='lat' dir='ltr'><strong>etiam</strong></span> <span class='ocrx_word' id='word_1_61' title='bbox 831 941 1011 994; x_wconf 87' lang='lat' dir='ltr'><strong>Trajani</strong></span> <span class='ocrx_word' id='word_1_62' title='bbox 1036 940 1254 980; x_wconf 88' lang='lat' dir='ltr'><strong>Nummus</strong></span> <span class='ocrx_word' id='word_1_63' title='bbox 1277 939 1434 991; x_wconf 87' lang='lat' dir='ltr'><strong>probat</strong></span> <span class='ocrx_word' id='word_1_64' title='bbox 1463 935 1784 984; x_wconf 86' lang='lat' dir='ltr'><strong>contoruiatus‚</strong></span> 
     </span>
     <span class='ocr_line' id='line_1_12' title="bbox 342 1001 1783 1060; baseline -0.003 -13"><span class='ocrx_word' id='word_1_65' title='bbox 342 1020 472 1060; x_wconf 89' lang='lat' dir='ltr'><strong>quem</strong></span> <span class='ocrx_word' id='word_1_66' title='bbox 493 1006 671 1060; x_wconf 91' lang='lat' dir='ltr'><strong>quidem</strong></span> <span class='ocrx_word' id='word_1_67' title='bbox 693 1005 810 1059; x_wconf 86' lang='lat' dir='ltr'><strong>apud</strong></span> <span class='ocrx_word' id='word_1_68' title='bbox 835 1007 1169 1047; x_wconf 82' lang='lat' dir='ltr'><strong>Mediobarbum</strong></span> <span class='ocrx_word' id='word_1_69' title='bbox 1190 1005 1320 1046; x_wconf 87' lang='lat' dir='ltr'><strong>video</strong></span> <span class='ocrx_word' id='word_1_70' title='bbox 1350 1008 1622 1053; x_wconf 89' lang='lat' dir='ltr'><strong>annotatum,</strong></span> <span class='ocrx_word' id='word_1_71' title='bbox 1643 1006 1688 1043; x_wconf 89' lang='lat' dir='ltr'><strong>at</strong></span> <span class='ocrx_word' id='word_1_72' title='bbox 1708 1001 1783 1042; x_wconf 88' lang='lat' dir='ltr'><strong>de-</strong></span> 
     </span>
     <span class='ocr_line' id='line_1_13' title="bbox 340 1074 756 1126; baseline 0 -13"><span class='ocrx_word' id='word_1_73' title='bbox 340 1074 506 1126; x_wconf 87' lang='lat' dir='ltr'><strong>pictum</strong></span> <span class='ocrx_word' id='word_1_74' title='bbox 527 1086 756 1126; x_wconf 84' lang='lat' dir='ltr'><strong>nusquam.</strong></span> 
     </span>
    </p>

    <p class='ocr_par' dir='ltr' id='par_1_6' title="bbox 338 1136 1786 2054">
     <span class='ocr_line' id='line_1_14' title="bbox 398 1136 1786 1194; baseline -0.003 -14"><span class='ocrx_word' id='word_1_75' title='bbox 398 1138 550 1194; x_wconf 90' lang='lat' dir='ltr'><strong>Hujus</strong></span> <span class='ocrx_word' id='word_1_76' title='bbox 572 1140 700 1192; x_wconf 81' lang='lat' dir='ltr'><strong>igitur</strong></span> <span class='ocrx_word' id='word_1_77' title='bbox 729 1139 867 1179; x_wconf 81' lang='lat' dir='ltr'><strong>vicem</strong></span> <span class='ocrx_word' id='word_1_78' title='bbox 897 1139 1103 1193; x_wconf 86' lang='lat' dir='ltr'><strong>suppleat</strong></span> <span class='ocrx_word' id='word_1_79' title='bbox 1136 1137 1348 1186; x_wconf 78' lang='lat' dir='ltr'><strong>Amazon,</strong></span> <span class='ocrx_word' id='word_1_80' title='bbox 1369 1150 1427 1177; x_wconf 84' lang='lat' dir='ltr'><strong>ex</strong></span> <span class='ocrx_word' id='word_1_81' title='bbox 1458 1136 1668 1177; x_wconf 67' lang='lat' dir='ltr'><strong>Otaciliae</strong></span> <span class='ocrx_word' id='word_1_82' title='bbox 1689 1136 1786 1177; x_wconf 91' lang='lat' dir='ltr'><strong>Au-</strong></span> 
     </span>
     <span class='ocr_line' id='line_1_15' title="bbox 339 1202 1785 1259; baseline -0.001 -12"><span class='ocrx_word' id='word_1_83' title='bbox 339 1211 481 1259; x_wconf 85' lang='lat' dir='ltr'><strong>gustae</strong></span> <span class='ocrx_word' id='word_1_84' title='bbox 513 1205 556 1246; x_wconf 96' lang='lat' dir='ltr'>N</span> <span class='ocrx_word' id='word_1_85' title='bbox 561 1218 720 1252; x_wconf 90' lang='lat' dir='ltr'><strong>ummo,</strong></span> <span class='ocrx_word' id='word_1_86' title='bbox 741 1218 769 1246; x_wconf 93' lang='lat' dir='ltr'><strong>a</strong></span> <span class='ocrx_word' id='word_1_87' title='bbox 798 1205 962 1246; x_wconf 86' lang='lat' dir='ltr'><strong>Samiis</strong></span> <span class='ocrx_word' id='word_1_88' title='bbox 993 1218 1125 1246; x_wconf 88' lang='lat' dir='ltr'><strong>cuso:</strong></span> <span class='ocrx_word' id='word_1_89' title='bbox 1157 1218 1259 1258; x_wconf 84' lang='lat' dir='ltr'><strong>quae</strong></span> <span class='ocrx_word' id='word_1_90' title='bbox 1289 1204 1395 1244; x_wconf 90' lang='lat' dir='ltr'><strong>mihi</strong></span> <span class='ocrx_word' id='word_1_91' title='bbox 1419 1202 1576 1257; x_wconf 86' lang='lat' dir='ltr'><strong>(veluti</strong></span> <span class='ocrx_word' id='word_1_92' title='bbox 1595 1203 1651 1244; x_wconf 88' lang='lat' dir='ltr'><strong>ad</strong></span> <span class='ocrx_word' id='word_1_93' title='bbox 1671 1203 1785 1245; x_wconf 89' lang='lat' dir='ltr'><strong>Wil-</strong></span> 
     </span>
     <span class='ocr_line' id='line_1_16' title="bbox 340 1270 1782 1326; baseline -0.001 -12"><span class='ocrx_word' id='word_1_94' title='bbox 340 1273 458 1314; x_wconf 89' lang='lat' dir='ltr'><strong>dian.</strong></span> <span class='ocrx_word' id='word_1_95' title='bbox 491 1272 767 1313; x_wconf 77' lang='lat' dir='ltr'><strong>Select.138.</strong></span> <span class='ocrx_word' id='word_1_96' title='bbox 804 1272 940 1313; x_wconf 86' lang='lat' dir='ltr'><strong>Num.</strong></span> <span class='ocrx_word' id='word_1_97' title='bbox 973 1270 1232 1326; x_wconf 87' lang='lat' dir='ltr'><strong>probatum)</strong></span> <span class='ocrx_word' id='word_1_98' title='bbox 1270 1284 1355 1311; x_wconf 88' lang='lat' dir='ltr'><strong>non</strong></span> <span class='ocrx_word' id='word_1_99' title='bbox 1390 1270 1610 1311; x_wconf 80' lang='lat' dir='ltr'><strong>Martialis</strong></span> <span class='ocrx_word' id='word_1_100' title='bbox 1640 1270 1782 1323; x_wconf 85' lang='lat' dir='ltr'><strong>Juno;</strong></span> 
     </span>
     <span class='ocr_line' id='line_1_17' title="bbox 338 1336 1783 1392; baseline -0.001 -14"><span class='ocrx_word' id='word_1_101' title='bbox 338 1339 406 1379; x_wconf 92' lang='lat' dir='ltr'><strong>uti</strong></span> <span class='ocrx_word' id='word_1_102' title='bbox 427 1339 480 1380; x_wconf 88' lang='lat' dir='ltr'><strong>ad</strong></span> <span class='ocrx_word' id='word_1_103' title='bbox 503 1339 695 1381; x_wconf 84' lang='lat' dir='ltr'><strong>Gallieni</strong></span> <span class='ocrx_word' id='word_1_104' title='bbox 718 1339 851 1380; x_wconf 88' lang='lat' dir='ltr'><strong>Num.</strong></span> <span class='ocrx_word' id='word_1_105' title='bbox 871 1339 970 1380; x_wconf 87' lang='grc'>414.</span> <span class='ocrx_word' id='word_1_106' title='bbox 1001 1340 1207 1392; x_wconf 85' lang='lat' dir='ltr'><strong>opinatur</strong></span> <span class='ocrx_word' id='word_1_107' title='bbox 1224 1338 1409 1379; x_wconf 88' lang='lat' dir='ltr'><strong>Patinus</strong></span> <span class='ocrx_word' id='word_1_108' title='bbox 1427 1351 1437 1388; x_wconf 93' lang='grc'><strong>;</strong></span> <span class='ocrx_word' id='word_1_109' title='bbox 1467 1350 1553 1377; x_wconf 90' lang='lat' dir='ltr'><strong>non</strong></span> <span class='ocrx_word' id='word_1_110' title='bbox 1573 1336 1783 1388; x_wconf 87' lang='lat' dir='ltr'><strong>Admeta,</strong></span> 
     </span>
     <span class='ocr_line' id='line_1_18' title="bbox 338 1404 1784 1459; baseline -0.001 -14"><span class='ocrx_word' id='word_1_111' title='bbox 338 1405 587 1459; x_wconf 90' lang='lat' dir='ltr'><strong>Tyrrhenos</strong></span> <span class='ocrx_word' id='word_1_112' title='bbox 628 1407 866 1458; x_wconf 84' lang='lat' dir='ltr'><strong>sacrilegos</strong></span> <span class='ocrx_word' id='word_1_113' title='bbox 907 1407 1167 1459; x_wconf 84' lang='lat' dir='ltr'><strong>insequens3</strong></span> <span class='ocrx_word' id='word_1_114' title='bbox 1212 1407 1292 1455; x_wconf 92' lang='lat' dir='ltr'><strong>uti,</strong></span> <span class='ocrx_word' id='word_1_115' title='bbox 1340 1405 1395 1445; x_wconf 90' lang='lat' dir='ltr'><strong>ad</strong></span> <span class='ocrx_word' id='word_1_116' title='bbox 1445 1404 1638 1446; x_wconf 87' lang='lat' dir='ltr'><strong>Gallieni</strong></span> <span class='ocrx_word' id='word_1_117' title='bbox 1675 1404 1784 1445; x_wconf 91' lang='lat' dir='ltr'><strong>dicti</strong></span> 
     </span>
     <span class='ocr_line' id='line_1_19' title="bbox 339 1471 1781 1527; baseline 0 -15"><span class='ocrx_word' id='word_1_118' title='bbox 339 1471 474 1514; x_wconf 92' lang='lat' dir='ltr'><strong>Num.</strong></span> <span class='ocrx_word' id='word_1_119' title='bbox 509 1473 553 1513; x_wconf 94' lang='lat' dir='ltr'><strong>in</strong></span> <span class='ocrx_word' id='word_1_120' title='bbox 590 1473 649 1514; x_wconf 90' lang='lat' dir='ltr'><strong>N.</strong></span> <span class='ocrx_word' id='word_1_121' title='bbox 687 1473 747 1514; x_wconf 88' lang='lat' dir='ltr'><strong>N.</strong></span> <span class='ocrx_word' id='word_1_122' title='bbox 775 1473 887 1514; x_wconf 87' lang='lat' dir='ltr'><strong>Urb.</strong></span> <span class='ocrx_word' id='word_1_123' title='bbox 922 1477 967 1514; x_wconf 85' lang='lat' dir='ltr'><strong>et</strong></span> <span class='ocrx_word' id='word_1_124' title='bbox 997 1473 1111 1527; x_wconf 91' lang='lat' dir='ltr'><strong>Pop.</strong></span> <span class='ocrx_word' id='word_1_125' title='bbox 1143 1473 1242 1515; x_wconf 81' lang='grc'><strong>586.</strong></span> <span class='ocrx_word' id='word_1_126' title='bbox 1279 1472 1462 1514; x_wconf 88' lang='lat' dir='ltr'><strong>credidit</strong></span> <span class='ocrx_word' id='word_1_127' title='bbox 1499 1472 1781 1513; x_wconf 86' lang='lat' dir='ltr'><strong>Harduinus:</strong></span> 
     </span>
     <span class='ocr_line' id='line_1_20' title="bbox 338 1539 1783 1592; baseline 0 -14"><span class='ocrx_word' id='word_1_128' title='bbox 338 1551 424 1579; x_wconf 93' lang='lat' dir='ltr'><strong>non</strong></span> <span class='ocrx_word' id='word_1_129' title='bbox 446 1539 595 1580; x_wconf 87' lang='lat' dir='ltr'><strong>Samia</strong></span> <span class='ocrx_word' id='word_1_130' title='bbox 617 1540 754 1592; x_wconf 86' lang='lat' dir='ltr'><strong>virgo,</strong></span> <span class='ocrx_word' id='word_1_131' title='bbox 775 1540 818 1579; x_wconf 91' lang='lat' dir='ltr'><strong>in</strong></span> <span class='ocrx_word' id='word_1_132' title='bbox 850 1539 994 1580; x_wconf 84' lang='lat' dir='ltr'><strong>stadio</strong></span> <span class='ocrx_word' id='word_1_133' title='bbox 1017 1539 1250 1580; x_wconf 83' lang='lat' dir='ltr'><strong>decurrens</strong></span> <span class='ocrx_word' id='word_1_134' title='bbox 1269 1553 1279 1591; x_wconf 94' lang='grc'><strong>;</strong></span> <span class='ocrx_word' id='word_1_135' title='bbox 1311 1539 1390 1588; x_wconf 91' lang='lat' dir='ltr'><strong>uti,</strong></span> <span class='ocrx_word' id='word_1_136' title='bbox 1411 1539 1466 1579; x_wconf 88' lang='lat' dir='ltr'><strong>ad</strong></span> <span class='ocrx_word' id='word_1_137' title='bbox 1500 1539 1693 1592; x_wconf 89' lang='lat' dir='ltr'><strong>Specim.</strong></span> <span class='ocrx_word' id='word_1_138' title='bbox 1713 1539 1783 1580; x_wconf 88' lang='lat'><strong>19.</strong></span> 
     </span>
     <span class='ocr_line' id='line_1_21' title="bbox 338 1604 1785 1659; baseline 0 -14"><span class='ocrx_word' id='word_1_139' title='bbox 338 1605 451 1646; x_wconf 87' lang='lat' dir='ltr'><strong>Tab.</strong></span> <span class='ocrx_word' id='word_1_140' title='bbox 471 1606 512 1645; x_wconf 86' lang='lat'><strong>3.</strong></span> <span class='ocrx_word' id='word_1_141' title='bbox 535 1605 670 1646; x_wconf 89' lang='lat' dir='ltr'><strong>Num.</strong></span> <span class='ocrx_word' id='word_1_142' title='bbox 692 1606 789 1647; x_wconf 76' lang='lat'>193.</span> <span class='ocrx_word' id='word_1_143' title='bbox 820 1607 1005 1659; x_wconf 89' lang='lat' dir='ltr'><strong>probare</strong></span> <span class='ocrx_word' id='word_1_144' title='bbox 1024 1607 1195 1656; x_wconf 90' lang='lat' dir='ltr'><strong>nititur,</strong></span> <span class='ocrx_word' id='word_1_145' title='bbox 1219 1619 1341 1647; x_wconf 87' lang='lat' dir='ltr'><strong>amor</strong></span> <span class='ocrx_word' id='word_1_146' title='bbox 1369 1618 1504 1654; x_wconf 83' lang='lat' dir='ltr'><strong>meuS,</strong></span> <span class='ocrx_word' id='word_1_147' title='bbox 1526 1604 1756 1645; x_wconf 90' lang='lat' dir='ltr'><strong>Morellius</strong></span> <span class='ocrx_word' id='word_1_148' title='bbox 1775 1618 1785 1646; x_wconf 92' lang='lat'>:</span> 
     </span>
     <span class='ocr_line' id='line_1_22' title="bbox 340 1671 1781 1726; baseline -0.001 -14"><span class='ocrx_word' id='word_1_149' title='bbox 340 1671 420 1712; x_wconf 91' lang='lat' dir='ltr'><strong>sed</strong></span> <span class='ocrx_word' id='word_1_150' title='bbox 468 1672 625 1724; x_wconf 90' lang='lat' dir='ltr'><strong>procul</strong></span> <span class='ocrx_word' id='word_1_151' title='bbox 655 1673 770 1712; x_wconf 88' lang='lat' dir='ltr'><strong>omni</strong></span> <span class='ocrx_word' id='word_1_152' title='bbox 802 1673 935 1713; x_wconf 87' lang='lat' dir='ltr'><strong>dubio</strong></span> <span class='ocrx_word' id='word_1_153' title='bbox 972 1672 1135 1726; x_wconf 87' lang='lat' dir='ltr'><strong>(juvat</strong></span> <span class='ocrx_word' id='word_1_154' title='bbox 1164 1672 1450 1722; x_wconf 85' lang='lat' dir='ltr'><strong>Plutarchus,</strong></span> <span class='ocrx_word' id='word_1_155' title='bbox 1484 1671 1680 1713; x_wconf 80' lang='lat' dir='ltr'><strong>Graecar.</strong></span> <span class='ocrx_word' id='word_1_156' title='bbox 1711 1672 1781 1712; x_wconf 89' lang='grc'><strong>56.</strong></span> 
     </span>
     <span class='ocr_line' id='line_1_23' title="bbox 341 1736 1783 1793; baseline 0.001 -16"><span class='ocrx_word' id='word_1_157' title='bbox 341 1736 540 1791; x_wconf 86' lang='lat' dir='ltr'><strong>Quaest.)</strong></span> <span class='ocrx_word' id='word_1_158' title='bbox 571 1737 786 1788; x_wconf 89' lang='lat' dir='ltr'><strong>Amazon,</strong></span> <span class='ocrx_word' id='word_1_159' title='bbox 827 1739 1054 1780; x_wconf 88' lang='lat' dir='ltr'><strong>Bacchum</strong></span> <span class='ocrx_word' id='word_1_160' title='bbox 1087 1740 1268 1793; x_wconf 86' lang='lat' dir='ltr'><strong>fugiens,</strong></span> <span class='ocrx_word' id='word_1_161' title='bbox 1297 1740 1399 1780; x_wconf 90' lang='lat' dir='ltr'><strong>navi</strong></span> <span class='ocrx_word' id='word_1_162' title='bbox 1439 1743 1695 1779; x_wconf 88' lang='lat' dir='ltr'><strong>constructa</strong></span> <span class='ocrx_word' id='word_1_163' title='bbox 1724 1751 1783 1779; x_wconf 83' lang='lat' dir='ltr'><strong>ex</strong></span> 
     </span>
     <span class='ocr_line' id='line_1_24' title="bbox 339 1803 1783 1857; baseline 0.002 -14"><span class='ocrx_word' id='word_1_164' title='bbox 339 1803 536 1857; x_wconf 87' lang='lat' dir='ltr'><strong>Ephesia</strong></span> <span class='ocrx_word' id='word_1_165' title='bbox 570 1805 731 1845; x_wconf 90' lang='lat' dir='ltr'><strong>ditione</strong></span> <span class='ocrx_word' id='word_1_166' title='bbox 758 1806 1052 1848; x_wconf 63' lang='lat' dir='ltr'><strong>transfretans</strong></span> <span class='ocrx_word' id='word_1_167' title='bbox 1112 1807 1170 1846; x_wconf 91' lang='lat' dir='ltr'><strong>Et</strong></span> <span class='ocrx_word' id='word_1_168' title='bbox 1201 1811 1262 1856; x_wconf 88' lang='lat' dir='ltr'><strong>tu,</strong></span> <span class='ocrx_word' id='word_1_169' title='bbox 1300 1807 1484 1857; x_wconf 81' lang='lat' dir='ltr'><strong>Begere,</strong></span> <span class='ocrx_word' id='word_1_170' title='bbox 1513 1805 1603 1846; x_wconf 90' lang='lat' dir='ltr'><strong>noli</strong></span> <span class='ocrx_word' id='word_1_171' title='bbox 1633 1809 1783 1846; x_wconf 86' lang='lat' dir='ltr'><strong>contra</strong></span> 
     </span>
     <span class='ocr_line' id='line_1_25' title="bbox 340 1870 1782 1925; baseline 0.002 -16"><span class='ocrx_word' id='word_1_172' title='bbox 340 1870 526 1911; x_wconf 87' lang='lat' dir='ltr'><strong>tendere.</strong></span> <span class='ocrx_word' id='word_1_173' title='bbox 585 1870 799 1925; x_wconf 87' lang='lat' dir='ltr'><strong>Respice,</strong></span> <span class='ocrx_word' id='word_1_174' title='bbox 828 1872 1000 1925; x_wconf 88' lang='lat' dir='ltr'><strong>respice</strong></span> <span class='ocrx_word' id='word_1_175' title='bbox 1034 1873 1186 1913; x_wconf 87' lang='lat' dir='ltr'><strong>saltem</strong></span> <span class='ocrx_word' id='word_1_176' title='bbox 1218 1873 1450 1925; x_wconf 88' lang='lat' dir='ltr'><strong>picturam,</strong></span> <span class='ocrx_word' id='word_1_177' title='bbox 1482 1877 1527 1912; x_wconf 87' lang='lat' dir='ltr'><strong>et</strong></span> <span class='ocrx_word' id='word_1_178' title='bbox 1561 1871 1782 1924; x_wconf 85' lang='lat' dir='ltr'><strong>cogitabis</strong></span> 
     </span>
     <span class='ocr_line' id='line_1_26' title="bbox 341 1936 1781 1992; baseline 0.001 -15"><span class='ocrx_word' id='word_1_179' title='bbox 341 1936 460 1977; x_wconf 91' lang='lat' dir='ltr'><strong>aliud</strong></span> <span class='ocrx_word' id='word_1_180' title='bbox 490 1949 589 1977; x_wconf 90' lang='lat' dir='ltr'><strong>esse</strong></span> <span class='ocrx_word' id='word_1_181' title='bbox 618 1938 660 1977; x_wconf 90' lang='lat' dir='ltr'><strong>in</strong></span> <span class='ocrx_word' id='word_1_182' title='bbox 691 1938 806 1979; x_wconf 90' lang='lat' dir='ltr'><strong>ludis</strong></span> <span class='ocrx_word' id='word_1_183' title='bbox 835 1951 1022 1988; x_wconf 89' lang='lat' dir='ltr'><strong>currere,</strong></span> <span class='ocrx_word' id='word_1_184' title='bbox 1042 1939 1162 1979; x_wconf 87' lang='lat' dir='ltr'><strong>aliud</strong></span> <span class='ocrx_word' id='word_1_185' title='bbox 1194 1952 1298 1979; x_wconf 91' lang='lat' dir='ltr'><strong>vero</strong></span> <span class='ocrx_word' id='word_1_186' title='bbox 1327 1938 1492 1992; x_wconf 87' lang='lat' dir='ltr'><strong>trepide</strong></span> <span class='ocrx_word' id='word_1_187' title='bbox 1520 1938 1685 1979; x_wconf 84' lang='lat' dir='ltr'><strong>hostem</strong></span> <span class='ocrx_word' id='word_1_188' title='bbox 1714 1937 1781 1978; x_wconf 82' lang='lat' dir='ltr'><strong>fu-</strong></span> 
     </span>
     <span class='ocr_line' id='line_1_27' title="bbox 339 2014 453 2054; baseline 0 -12"><span class='ocrx_word' id='word_1_189' title='bbox 339 2014 453 2054; x_wconf 83' lang='lat' dir='ltr'><strong>gere.</strong></span> 
     </span>
    </p>
   </div>
   <div class='ocr_carea' id='block_1_3' title="bbox 522 2153 1599 2305">
    <p class='ocr_par' dir='ltr' id='par_1_7' title="bbox 522 2153 1599 2305">
     <span class='ocr_line' id='line_1_28' title="bbox 522 2153 1599 2197; baseline 0.002 -4"><span class='ocrx_word' id='word_1_190' title='bbox 522 2153 715 2195; x_wconf 85' lang='lat' dir='ltr'><strong>XVIII.</strong></span> <span class='ocrx_word' id='word_1_191' title='bbox 776 2153 946 2195; x_wconf 85' lang='lat' dir='ltr'><strong>BIGA.</strong></span> <span class='ocrx_word' id='word_1_192' title='bbox 976 2155 1211 2196; x_wconf 88' lang='lat' dir='ltr'>LUDOR.</span> <span class='ocrx_word' id='word_1_193' title='bbox 1243 2154 1599 2197; x_wconf 89' lang='lat' dir='ltr'><strong>CURULIUM.</strong></span> 
     </span>
     <span class='ocr_line' id='line_1_29' title="bbox 828 2263 1270 2305; baseline 0.007 -3"><span class='ocrx_word' id='word_1_194' title='bbox 828 2263 934 2303; x_wconf 77' lang='lat' dir='ltr'><strong>Lrss.</strong></span> <span class='ocrx_word' id='word_1_195' title='bbox 959 2274 1032 2303; x_wconf 85' lang='grc' dir='ltr'><strong>ιιι.</strong></span> <span class='ocrx_word' id='word_1_196' title='bbox 1065 2263 1179 2304; x_wconf 75' lang='lat' dir='ltr'><strong>CAP.</strong></span> <span class='ocrx_word' id='word_1_197' title='bbox 1204 2266 1270 2305; x_wconf 81' lang='lat'><strong>17.</strong></span> 
     </span>
    </p>
   </div>
   <div class='ocr_carea' id='block_1_4' title="bbox 340 2369 1778 2492">
    <p class='ocr_par' dir='ltr' id='par_1_8' title="bbox 340 2369 1778 2492">
     <span class='ocr_line' id='line_1_30' title="bbox 340 2369 1778 2425; baseline 0.004 -17"><span class='ocrx_word' id='word_1_198' title='bbox 340 2372 350 2388; x_wconf 94' lang='lat'>‘</span> <span class='ocrx_word' id='word_1_199' title='bbox 374 2369 485 2409; x_wconf 86' lang='lat' dir='ltr'><strong>Tum</strong></span> <span class='ocrx_word' id='word_1_200' title='bbox 508 2369 693 2423; x_wconf 88' lang='lat' dir='ltr'><strong>primum</strong></span> <span class='ocrx_word' id='word_1_201' title='bbox 714 2370 978 2425; x_wconf 88' lang='lat' dir='ltr'><strong>quadrijugis</strong></span> <span class='ocrx_word' id='word_1_202' title='bbox 1000 2371 1076 2424; x_wconf 90' lang='lat' dir='ltr'><strong>qui</strong></span> <span class='ocrx_word' id='word_1_203' title='bbox 1109 2371 1320 2414; x_wconf 87' lang='lat' dir='ltr'><strong>Eumelus</strong></span> <span class='ocrx_word' id='word_1_204' title='bbox 1340 2378 1441 2414; x_wconf 88' lang='lat' dir='ltr'><strong>ante</strong></span> <span class='ocrx_word' id='word_1_205' title='bbox 1462 2386 1617 2414; x_wconf 90' lang='lat' dir='ltr'><strong>omnes</strong></span> <span class='ocrx_word' id='word_1_206' title='bbox 1638 2373 1778 2414; x_wconf 84' lang='lat' dir='ltr'><strong>victor</strong></span> 
     </span>
     <span class='ocr_line' id='line_1_31' title="bbox 482 2437 1638 2492; baseline 0.003 -15"><span class='ocrx_word' id='word_1_207' title='bbox 482 2437 749 2478; x_wconf 82' lang='lat' dir='ltr'><strong>declaratur:</strong></span> <span class='ocrx_word' id='word_1_208' title='bbox 780 2437 974 2490; x_wconf 87' lang='lat' dir='ltr'><strong>bigarum</strong></span> <span class='ocrx_word' id='word_1_209' title='bbox 996 2440 1177 2492; x_wconf 82' lang='lat' dir='ltr'><strong>proemia</strong></span> <span class='ocrx_word' id='word_1_210' title='bbox 1197 2440 1434 2482; x_wconf 90' lang='lat' dir='ltr'><strong>Diomedes</strong></span> <span class='ocrx_word' id='word_1_211' title='bbox 1453 2439 1638 2481; x_wconf 70' lang='lat' dir='ltr'><strong>meruit!</strong></span> 
     </span>
    </p>
   </div>
   <div class='ocr_carea' id='block_1_5' title="bbox 337 2533 1778 2785">
    <p class='ocr_par' dir='ltr' id='par_1_9' title="bbox 337 2533 1778 2785">
     <span class='ocr_line' id='line_1_32' title="bbox 394 2533 1777 2592; baseline 0.003 -18"><span class='ocrx_word' id='word_1_212' title='bbox 394 2533 556 2574; x_wconf 83' lang='lat' dir='ltr'><strong>INTER</strong></span> <span class='ocrx_word' id='word_1_213' title='bbox 579 2535 816 2576; x_wconf 87' lang='lat' dir='ltr'><strong>certamina</strong></span> <span class='ocrx_word' id='word_1_214' title='bbox 837 2545 961 2576; x_wconf 82' lang='lat' dir='ltr'><strong>sacra</strong></span> <span class='ocrx_word' id='word_1_215' title='bbox 978 2540 1021 2577; x_wconf 91' lang='lat' dir='ltr'><strong>et</strong></span> <span class='ocrx_word' id='word_1_216' title='bbox 1039 2535 1206 2577; x_wconf 87' lang='lat' dir='ltr'><strong>ludicra</strong></span> <span class='ocrx_word' id='word_1_217' title='bbox 1227 2536 1346 2590; x_wconf 83' lang='lat' dir='ltr'><strong>apud</strong></span> <span class='ocrx_word' id='word_1_218' title='bbox 1374 2534 1558 2579; x_wconf 85' lang='lat' dir='ltr'><strong>Graecos</strong></span> <span class='ocrx_word' id='word_1_219' title='bbox 1586 2536 1663 2592; x_wconf 91' lang='lat' dir='ltr'><strong>(de</strong></span> <span class='ocrx_word' id='word_1_220' title='bbox 1684 2535 1777 2578; x_wconf 87' lang='lat' dir='ltr'><strong>Ro-</strong></span> 
     </span>
     <span class='ocr_line' id='line_1_33' title="bbox 337 2601 1778 2658; baseline 0.003 -18"><span class='ocrx_word' id='word_1_221' title='bbox 337 2612 568 2640; x_wconf 89' lang='lat' dir='ltr'><strong>manorum</strong></span> <span class='ocrx_word' id='word_1_222' title='bbox 598 2601 715 2641; x_wconf 90' lang='lat' dir='ltr'><strong>ludis</strong></span> <span class='ocrx_word' id='word_1_223' title='bbox 736 2602 1003 2643; x_wconf 86' lang='lat' dir='ltr'><strong>circensibus</strong></span> <span class='ocrx_word' id='word_1_224' title='bbox 1022 2602 1094 2644; x_wconf 90' lang='lat' dir='ltr'><strong>hic</strong></span> <span class='ocrx_word' id='word_1_225' title='bbox 1124 2603 1347 2656; x_wconf 84' lang='lat' dir='ltr'><strong>digressus</strong></span> <span class='ocrx_word' id='word_1_226' title='bbox 1368 2602 1493 2658; x_wconf 90' lang='lat' dir='ltr'><strong>nolo)</strong></span> <span class='ocrx_word' id='word_1_227' title='bbox 1517 2603 1636 2645; x_wconf 88' lang='lat' dir='ltr'><strong>fuere</strong></span> <span class='ocrx_word' id='word_1_228' title='bbox 1667 2615 1778 2657; x_wconf 91' lang='lat' dir='ltr'><strong>quo-</strong></span> 
     </span>
     <span class='ocr_line' id='line_1_34' title="bbox 339 2667 1777 2725; baseline 0.004 -20"><span class='ocrx_word' id='word_1_229' title='bbox 339 2679 424 2718; x_wconf 89' lang='lat' dir='ltr'><strong>que</strong></span> <span class='ocrx_word' id='word_1_230' title='bbox 454 2667 637 2708; x_wconf 86' lang='lat' dir='ltr'><strong>curulia.</strong></span> <span class='ocrx_word' id='word_1_231' title='bbox 697 2669 961 2722; x_wconf 85' lang='lat' dir='ltr'><strong>Sophocles,</strong></span> <span class='ocrx_word' id='word_1_232' title='bbox 997 2669 1156 2712; x_wconf 88' lang='lat' dir='ltr'><strong>Electr.</strong></span> <span class='ocrx_word' id='word_1_233' title='bbox 1191 2672 1235 2711; x_wconf 88' lang='lat' dir='ltr'><strong>in</strong></span> <span class='ocrx_word' id='word_1_234' title='bbox 1264 2671 1510 2712; x_wconf 85' lang='lat' dir='ltr'><strong>narratione</strong></span> <span class='ocrx_word' id='word_1_235' title='bbox 1545 2670 1777 2725; x_wconf 77' lang='lat' dir='ltr'><strong>paedagogi</strong></span> 
     </span>
     <span class='ocr_line' id='line_1_35' title="bbox 338 2732 941 2785; baseline 0.007 -14"><span class='ocrx_word' id='word_1_236' title='bbox 338 2732 450 2773; x_wconf 84' lang='lat' dir='ltr'><strong>ficta.</strong></span> <span class='ocrx_word' id='word_1_237' title='bbox 509 2734 698 2785; x_wconf 87' lang='lat' dir='ltr'><strong>Statius,</strong></span> <span class='ocrx_word' id='word_1_238' title='bbox 724 2747 787 2777; x_wconf 79' lang='lat' dir='ltr'><strong>vl.</strong></span> <span class='ocrx_word' id='word_1_239' title='bbox 804 2735 941 2776; x_wconf 87' lang='lat' dir='ltr'><strong>Theb.</strong></span> 
     </span>
    </p>
   </div>
  </div>
 </body>
</html>
