1915 3231
292 276 349 318 24
644 288 745 320 JAc,
781 289 1036 320 PERlZONH
1075 289 1404 321 DISSER'rA'rlo

293 380 430 432 Nero,
460 394 590 436 aeque
623 396 675 425 ac
709 384 782 426 ille
818 384 1046 436 Claudius,
1078 384 1254 426 Claudii
1278 383 1470 425 Neronis
1494 383 1748 426 nominibus

291 449 376 490 fuit
396 451 658 504 appellatus,
679 464 780 506 quae
800 451 975 493 nomina
996 456 1040 494 et
1067 452 1109 492 in
1141 452 1224 493 hac
1258 451 1464 493 Historia
1498 452 1619 505 apud
1651 451 1752 493 Ma-

291 515 425 557 lelam
446 517 589 570 priore
609 519 710 560 loco
724 518 883 573 juncta
902 520 1187 573 reperiuntur,
1206 518 1338 574 εὑρέθη,
1359 519 1521 572 inquit,
1535 519 1591 558 ἐπὶ
1618 524 1752 559 Κλαυ-

291 582 365 624 δίου
394 582 557 639 Νέρωνος
590 585 787 634 Βασιλέως
819 587 854 627 ἐν
885 587 1070 642 κιβωτίῳ,
1107 588 1362 628 ‘inventum
1396 586 1493 627 est’
1521 587 1605 628 hoc
1633 600 1749 640 opus

289 651 482 706 Dictyos
506 656 730 708 ‘tempore
757 654 936 696 Claudii
959 655 1152 696 Neronis
1176 654 1482 709 ImperatoriS,
1504 654 1548 695 in
1569 653 1751 695 arcula!

293 718 412 760 Hinc
426 719 523 773 jam
543 721 727 772 factum,
748 727 797 763 ut
816 723 1082 777 posteriores
1106 722 1322 773 Graeculi,
1339 734 1427 763 uno
1442 721 1498 763 ad
1511 720 1750 774 designan-

292 785 395 826 dum
427 786 545 829 hunc
579 788 892 842 Imperatorem
925 789 1173 831 defuncturi
1201 789 1391 839 nomine,
1413 789 1534 842 prius
1565 787 1750 842 potissi·

291 865 411 894 mum
446 855 722 909 arripuerint,
745 859 787 897 et
813 855 1052 897 Claudium
1073 856 1332 909 simpliciter
1351 856 1559 906 dixerint,
1579 860 1628 897 ut
1647 855 1749 909 ipse

289 920 396 961 facit
418 920 607 962 Malelas
640 923 885 976 posteriore
914 924 1031 973 loco,
1055 924 1131 976 qui
1162 927 1306 964 tamen
1336 928 1428 964 erat
1451 923 1585 965 Nero.
1648 922 1752 963 Fre-

292 999 435 1040 quens
465 988 537 1028 hic
568 1002 688 1030 error
707 990 839 1030 etiam
871 990 990 1044 apud
1013 991 1197 1031 Latinos
1221 990 1486 1044 Scriptores,
1506 1003 1564 1031 ex
1595 990 1748 1031 iisdem

295 1053 584 1105 diversorum,
607 1056 687 1097 sed
710 1057 1029 1110 proximorum,
1052 1057 1377 1112 Imperatorum
1407 1058 1662 1098 nominibus
1681 1070 1751 1098 or-

291 1125 377 1161 tus.
438 1122 545 1176 Ipse
567 1123 809 1164 Suetonius
847 1124 910 1165 ita
945 1124 1113 1165 Neroni
1146 1125 1298 1166 tribuit
1327 1125 1370 1164 in
1400 1124 1497 1178 ejus
1526 1123 1618 1165 vita
1646 1136 1749 1177 cap.

291 1188 359 1228 17.
391 1202 493 1241 quae
527 1190 704 1231 Claudii
740 1195 878 1232 erant.
935 1190 1056 1232 Vide
1086 1191 1462 1244 elegantissimum
1496 1190 1749 1232 Brummeri

292 1254 665 1298 Commentarium
698 1257 755 1298 ad
787 1259 840 1299 L.
863 1257 1082 1308 Cinciam,
1104 1271 1202 1312 cap.
1233 1260 1275 1299 5.
1335 1257 1460 1309 Quin
1490 1258 1610 1313 quod
1646 1271 1749 1312 pro·

289 1323 391 1376 pius
414 1324 606 1375 accedit,
626 1338 757 1366 unum
784 1325 994 1379 idemque
1025 1325 1194 1367 SCtum
1215 1330 1418 1379 tempore
1441 1325 1633 1367 Neronis
1654 1325 1750 1366 fac-

290 1396 398 1440 tum,
429 1390 473 1431 in
495 1390 596 1444 jure
627 1391 831 1434 Romano
862 1393 994 1434 modo
1026 1392 1337 1443 Claudianum,
1369 1392 1501 1434 modo
1533 1392 1752 1434 Neronia-

288 1470 408 1508 num,
431 1458 610 1508 dicitur,
632 1465 685 1500 ut
714 1460 868 1502 docuit
899 1459 952 1500 P.
976 1459 1137 1510 Faber,
1161 1461 1449 1502 Semestrium
1471 1460 1546 1501 lib.
1573 1470 1607 1501 1.
1648 1472 1748 1514 cap.

289 1525 365 1566 ult.
428 1525 589 1580 Neque
611 1527 790 1568 aliunde
823 1528 997 1569 videtur
1019 1534 1178 1578 ortum,
1201 1528 1318 1581 quod
1349 1528 1477 1570 toties
1513 1527 1756 1568 Hadriano-

289 1591 552 1646 simpliciter
590 1594 887 1645 ascribuntur,
923 1607 1023 1649 quae
1063 1596 1119 1636 ab
1156 1594 1381 1636 Antonino
1403 1594 1488 1635 Pio
1522 1598 1624 1635 sunt
1643 1607 1746 1648 pro-

287 1659 422 1709 secta,
443 1660 565 1709 (vide
582 1660 817 1703 Bertrandi
838 1661 971 1703 Vitas
993 1662 1022 1703 J
1028 1660 1211 1703 Ctorum
1234 1662 1280 1702 in
1301 1659 1457 1715 Gaio,)
1487 1673 1619 1714 quam
1641 1653 1748 1715 quia

288 1740 369 1781 per
391 1727 679 1781 adoptionem
697 1727 916 1770 Antonini
948 1731 1004 1770 ab
1026 1729 1257 1771 Hadriano
1279 1729 1441 1770 factam
1472 1728 1558 1769 hoc
1583 1728 1747 1769 Hadri-

289 1795 361 1835 ani
391 1808 550 1836 nomen
580 1795 787 1838 Antonini
822 1796 891 1837 Pii
921 1797 1125 1849 genuinis
1145 1796 1398 1837 nominibus
1422 1795 1528 1836 addi
1557 1800 1602 1836 et
1632 1808 1746 1849 prae-

287 1862 404 1903 mitti
422 1862 604 1903 solebat.
663 1862 770 1913 Qua
785 1863 936 1904 eadem
954 1875 1132 1917 prorsus
1146 1863 1316 1904 ratione
1333 1863 1467 1903 etiam
1487 1861 1746 1902 Hadrianus

289 1942 408 1983 saepe
429 1929 612 1983 Trojani
642 1931 814 1971 nomine
833 1930 1104 1984 designatur,
1129 1934 1178 1972 ut
1211 1929 1405 1971 ostendit
1436 1928 1664 1982 Rupertus
1687 1929 1744 1971 ad

289 1996 601 2051 Pomponium,
622 1996 676 2037 de
698 1996 775 2039 Or.
791 1996 907 2050 juris
926 2011 1030 2052 pag.
1053 1998 1120 2039 16.
1142 1998 1212 2039 17.
1233 1997 1302 2039 18.

349 2074 393 2102 v.
424 2062 559 2113 Quod
594 2068 739 2104 autem
772 2063 893 2105 Nero
923 2065 1090 2118 potius,
1113 2077 1245 2118 quam
1278 2063 1496 2105 Claudius
1524 2062 1652 2104 fuerit
1688 2063 1743 2113 is,

289 2131 364 2184 qui
385 2132 429 2171 in
449 2130 530 2171 hac
553 2129 758 2171 Historia
773 2136 1055 2182 memoratur,
1073 2132 1118 2173 id
1137 2145 1238 2173 vero
1259 2144 1348 2172 non
1369 2135 1538 2172 tantum
1555 2143 1612 2172 ex
1632 2130 1745 2184 Sep-

289 2198 412 2238 timio
439 2201 587 2239 nostro
617 2197 772 2251 liquet,
795 2199 871 2252 qui
902 2199 1062 2240 diserte
1101 2199 1325 2240 Neronem
1359 2198 1574 2247 nominat,
1595 2197 1673 2238 sed
1697 2204 1744 2239 et

288 2264 515 2318 probabile
534 2269 605 2305 est
626 2277 686 2305 ex
709 2278 778 2315 eo,
800 2266 915 2319 quod
949 2266 1142 2308 Malelas
1162 2279 1265 2320 pag.
1284 2265 1383 2307 322.
1415 2277 1542 2318 aeque
1559 2277 1612 2305 ac
1633 2264 1744 2318 Sep·

289 2331 458 2382 timius,
485 2330 789 2373 tertiodecimo
810 2332 1097 2386 Imperatoris
1119 2346 1234 2375 anno
1259 2332 1424 2386 Dictyn
1445 2332 1562 2372 hunc
1592 2331 1744 2372 inven-

289 2403 382 2440 tum
401 2402 445 2439 et
465 2398 680 2451 prolatum
701 2400 776 2449 ait,
794 2398 931 2453 idque
962 2405 1068 2454 post
1098 2400 1273 2441 cladem
1301 2412 1379 2439 seu
1410 2402 1537 2439 terrae
1558 2402 1743 2448 motum,

290 2478 378 2519 quo
400 2466 587 2519 graviter
616 2465 782 2508 afflicta
809 2470 913 2509 tunc
944 2468 1077 2509 suerit
1099 2467 1249 2509 Creta.
1307 2465 1376 2507 Ea
1406 2469 1554 2506 autem
1575 2466 1741 2518 optime

289 2533 551 2574 conveniunt
571 2532 617 2573 in
637 2533 759 2574 illum
782 2547 870 2575 non
890 2533 1085 2584 Claudii,
1105 2534 1187 2576 sed
1210 2532 1406 2575 Neronis
1427 2544 1602 2572 annum.
1645 2530 1740 2573 Ne·

288 2614 337 2642 ro
353 2602 481 2651 enim,
502 2605 551 2642 ut
566 2603 658 2641 erat
677 2600 870 2643 Musicis
890 2600 1146 2644 Graecorum
1166 2601 1331 2642 artibus
1354 2598 1411 2640 ad
1425 2598 1644 2640 insaniam
1666 2610 1742 2640 us·
1768 2644 1773 2648 ,

291 2680 376 2720 que
396 2667 586 2717 dedituS,
606 2667 838 2720 profectus
858 2673 924 2710 est
947 2681 1001 2709 eo
1021 2680 1134 2710 anno
1154 2668 1201 2709 in
1220 2667 1461 2715 Graeciam,
1483 2669 1529 2706 et
1548 2678 1628 2719 per
1648 2678 1740 2706 om·

289 2734 364 2775 nia
384 2733 513 2775 isthic
545 2733 747 2775 ludorum
770 2735 1013 2776 certamina
1030 2748 1082 2776 ac
1104 2734 1379 2790 spectacula,
1401 2733 1446 2774 in
1468 2744 1604 2772 unum
1625 2731 1739 2772 hunc
1788 2737 1791 2740 '

291 2813 451 2843 annum
470 2801 676 2843 consulto
697 2802 768 2845 vel
785 2802 918 2856 jussu
937 2803 1079 2856 ipsius
1102 2806 1274 2853 coacta,
1295 2798 1531 2844 circumiit.
1592 2797 1738 2850 Quam
