1915 3231
499 327 561 356 DE
596 325 832 357 HisromA
868 324 1012 354 mium
1046 323 1278 354 TROJAM.
1546 313 1603 353 45

157 420 322 471 Graeci,
344 421 506 475 quippe
523 435 637 475 quos
653 422 764 462 inter
783 434 909 462 rarus
930 419 1104 461 omnino
1124 423 1220 460 erat
1239 418 1462 460 literarum
1482 432 1602 460 usus.

155 487 438 541 Acceperunt
467 500 542 527 eas
573 501 629 528 ex
662 488 908 534 Phoenicia,
946 500 1057 541 quas
1089 490 1239 527 auctor
1278 486 1472 527 Punicas
1502 486 1602 528 ideo

157 554 276 602 dicit,
302 557 345 594 et
365 562 526 607 praeter
547 567 657 607 quas
691 554 835 595 nullas
867 554 930 594 illi
954 554 1068 594 alias
1095 553 1316 593 habebant
1337 557 1414 594 aut
1434 559 1604 594 norant.

158 620 380 671 Quocirca
409 621 516 673 quid
549 633 665 673 opus
696 625 791 662 erat
823 621 892 662 sui
928 621 1143 675 temporis
1177 620 1392 670 homines,
1416 633 1605 674 quorum

156 690 304 728 tamen
323 688 437 728 ratio
458 688 653 729 maxime
675 688 859 730 habetur
876 701 904 729 a
925 688 1245 741 Scriptoribus,
1266 700 1460 738 monere,
1481 701 1529 729 se
1552 687 1607 728 iis

155 754 294 796 literis
315 767 460 805 usum,
478 768 579 808 quae
594 756 701 796 solae
722 759 825 797 tunc
846 755 934 796 illis
947 760 1068 796 erant
1088 758 1204 796 notae
1218 755 1237 794 ¹?
1300 755 1463 796 Nonne
1483 755 1608 808 inep-

159 825 234 863 tus
254 826 371 862 esset
390 821 534 871 hodie,
556 822 634 875 qui
655 822 835 863 doceret
854 822 1062 871 lectores,
1099 834 1147 862 se
1177 821 1333 862 librum
1355 834 1483 862 suum
1515 821 1609 862 edi-

159 889 295 939 disse,
315 893 405 930 arte
425 888 749 943 typographica
763 902 995 939 excusum,
1015 902 1114 943 quae
1136 888 1314 931 inventa
1330 890 1388 930 sit
1408 892 1508 930 ante
1524 888 1609 930 hos

159 956 375 997 ducentos
396 961 440 996 et
461 955 777 1009 quinquaginta
796 956 930 996 ferme
944 968 1084 996 annos
1102 956 1120 996 ’.θ
1181 955 1268 997 Sed
1289 956 1415 1006 satis,
1436 957 1608 1009 opinor,

160 1027 288 1077 patet
300 1023 497 1072 cuilibet,
511 1022 720 1063 inculcari
732 1023 829 1064 haec
840 1020 1035 1076 nonTroj
1042 1022 1112 1063 ani
1124 1023 1334 1076 temporis
1347 1024 1611 1073 hominibus,

162 1089 242 1131 sed
256 1090 364 1140 illis,
379 1091 455 1143 qui
473 1090 620 1130 multis
637 1090 814 1130 saeculis
834 1096 941 1143 post
959 1090 1165 1131 vixerunt
1182 1095 1377 1143 tempore
1401 1089 1610 1141 Neronis,

162 1162 212 1198 ut
225 1157 398 1198 scilicet
412 1158 622 1199 rationem
637 1157 856 1211 quandam
869 1158 1091 1207 haberent,
1108 1169 1243 1210 quare
1257 1156 1353 1198 haee
1369 1157 1552 1198 historia
1568 1158 1613 1199 in

164 1223 309 1265 lucem
340 1228 447 1265 ωηο
471 1224 696 1278 prodiens,
717 1237 913 1265 sermone
935 1223 1063 1264 fuerit
1087 1222 1249 1265 Graeco
1272 1225 1536 1278 composita,
1569 1228 1613 1265 et

165 1294 311 1332 tamen
342 1291 522 1332 Punicis
553 1291 708 1340 literis,
739 1304 840 1345 quae
874 1294 977 1332 tunc
1011 1290 1199 1331 multum
1231 1291 1422 1332 diversae
1444 1294 1566 1332 erant
1586 1304 1614 1332 a

166 1357 356 1408 Graecis,
381 1358 562 1411 scripta.
623 1358 693 1398 De
728 1358 960 1398 ‘Sermone
977 1356 988 1372 '
1027 1370 1129 1398 vero
1164 1357 1283 1410 quod
1314 1358 1388 1407 ait,
1421 1361 1615 1399 sumtum

166 1424 213 1466 id
235 1435 303 1466 est
324 1439 381 1466 ex
403 1425 605 1466 Homero
630 1425 792 1480 Odyss.
816 1431 859 1466 T.
882 1426 981 1466 175.
1004 1426 1080 1466 ubi
1103 1426 1156 1466 de
1177 1424 1324 1466 Cretae
1344 1425 1501 1466 incolis
1533 1425 1615 1475 ait,

159 1491 288 1541 Ἀλλη
323 1493 348 1531 δ’
368 1492 497 1532 ἄλλων
511 1497 678 1546 γλῶσσα
697 1490 922 1547 μεμιγμένη,
942 1495 954 1514 ‘
969 1492 1057 1533 alia
1075 1492 1260 1532 aliorum
1283 1497 1352 1533 est
1382 1492 1532 1545 lingua
1549 1492 1616 1532 in-

168 1564 236 1601 ter
265 1572 311 1600 se
347 1559 596 1613 permixta.'
652 1560 818 1601 Verum
847 1560 944 1600 haec
980 1559 1033 1600 de
1063 1559 1282 1600 Dialectis
1301 1559 1475 1612 exiguae
1497 1571 1616 1613 pror-

168 1639 244 1668 sus
262 1627 571 1680 discrepantiae
592 1628 638 1668 in
659 1627 1006 1681 pronunciando,
1023 1627 1169 1681 qualis
1190 1627 1325 1667 etiam
1346 1626 1476 1667 hodie
1503 1628 1617 1667 inter

168 1695 400 1748 proximas
421 1695 547 1735 unius
575 1694 732 1736 Gentis
755 1694 884 1735 urbes
906 1694 1164 1747 plerumque
1185 1693 1411 1747 reperitur,
1432 1698 1533 1735 sunt
1553 1694 1618 1734 in-

167 1762 418 1815 telligenda,
451 1765 499 1802 ut
532 1762 632 1815 ipse
661 1767 817 1803 censet
858 1761 1135 1803 Eustathius.
1195 1761 1473 1815 Neutiquam
1515 1774 1618 1814 ergo

170 1829 387 1870 debebant
409 1827 557 1871 Graeci
586 1834 818 1883 propterea
838 1829 929 1870 diei
961 1831 973 1850 ‘
996 1828 1172 1870 diverso
1203 1828 1313 1869 inter
1343 1840 1390 1869 se
1421 1840 1621 1869 sermone

169 1897 324 1949 agere,'
348 1901 425 1937 aut
445 1896 666 1938 haesitatio
687 1896 853 1937 oboriri
873 1895 1040 1936 homini
1070 1895 1198 1936 istius
1225 1894 1434 1948 temporis
1453 1894 1621 1947 aliquid

170 1964 348 2017 publice
383 1964 614 2018 scripturo,
645 1964 818 2019 qualem
847 1963 1022 2018 praefert
1050 1967 1198 2003 noster
1232 1963 1312 2004 lib.
1334 1973 1377 2002 V.
1399 1962 1467 2003 17.
1489 1974 1621 2002 usum

170 2045 218 2073 se
241 2031 476 2072 ‘Oratione
499 2031 575 2072 ea'
596 2035 796 2081 testatus,
821 2034 833 2054 ‘
849 2044 979 2085 quam
1000 2030 1193 2072 maxime
1210 2030 1324 2071 inter
1340 2034 1432 2070 tam
1448 2028 1623 2069 diversa

170 2099 378 2153 loquendi
399 2112 556 2152 genera
574 2100 784 2154 consequi
805 2112 858 2140 ac
889 2097 1254 2153 comprehendere
1275 2094 1501 2151 potuerit,'
1521 2109 1623 2137 cum

170 2167 323 2221 utique
344 2180 400 2207 ex
428 2167 544 2207 omni
565 2167 745 2208 Graecia
764 2167 968 2208 homines
990 2171 1094 2207 tunc
1125 2164 1286 2205 fuerint
1306 2164 1381 2205 diu
1413 2164 1458 2204 in
1489 2175 1624 2204 unam

173 2233 506 2287 expeditionem
528 2234 769 2287 conjuncti,
791 2238 835 2275 et
857 2234 969 2274 alter
989 2233 1175 2274 alterum
1195 2231 1408 2272 facillime
1427 2230 1625 2271 intellex-

173 2302 298 2351 erint,
320 2304 368 2342 ut
390 2301 588 2341 homines
621 2302 747 2342 unius
783 2301 944 2353 linguae
978 2300 1135 2341 solent.
1196 2300 1351 2351 Longe
1379 2297 1520 2352 major
1539 2297 1626 2337 fuit

175 2367 472 2421 discrepantia
499 2368 763 2409 elocutionis
799 2368 990 2417 Graecae,
1011 2368 1054 2408 in
1091 2367 1238 2407 varias
1272 2371 1374 2408 tunc
1410 2365 1626 2405 dialectos

175 2435 410 2486 distinctae,
442 2435 618 2488 quando
649 2435 798 2477 Graeci
829 2435 921 2489 jam
956 2437 1077 2476 erant
1103 2434 1248 2487 sparsi
1278 2446 1363 2473 non
1393 2445 1472 2485 per
1492 2434 1626 2472 totam

175 2503 309 2543 modo
331 2501 569 2551 Graeciam,
590 2503 635 2542 in
654 2503 902 2543 latissimos
923 2501 1095 2543 tandem
1118 2500 1226 2541 fines
1242 2499 1460 2547 diffusam,
1480 2497 1557 2537 sed
1584 2500 1628 2537 et

176 2571 220 2611 in
250 2568 405 2610 Asiam
429 2570 654 2620 minorem,
675 2571 719 2610 in
738 2569 931 2619 Italiam,
952 2572 996 2609 et
1014 2566 1227 2608 Siciliam.
1288 2565 1448 2619 Neque
1478 2568 1629 2605 tamen

178 2639 241 2679 ita
263 2641 363 2677 tunc
399 2636 625 2678 haesitavit
660 2636 936 2685 Herodotus,
978 2635 1206 2675 historiam
1253 2645 1378 2674 suam
1416 2631 1630 2680 editurus,

181 2704 338 2745 Ionica
357 2703 465 2744 licet
486 2704 677 2745 dialecto
698 2708 890 2745 uteretur
910 2703 1019 2743 inter
1041 2700 1330 2742 Athenienses
1351 2702 1397 2739 et
1424 2697 1630 2738 Thurios.

184 2771 270 2812 Sed
305 2770 424 2811 haud
455 2771 588 2812 dubie
610 2771 832 2813 affectavit
859 2770 1020 2823 Dictys
1047 2772 1196 2808 noster
1215 2765 1436 2807 obsoletas
1458 2768 1501 2805 et
1521 2764 1630 2819 anti·

184 2841 337 2891 quatas
352 2839 461 2892 jam,
488 2838 599 2880 forte
631 2843 674 2881 et
706 2837 955 2893 peregrinas
982 2836 1246 2885 locutioneS‚
1267 2837 1315 2875 ut
1345 2833 1406 2876 ita
1436 2831 1632 2887 speciem
