1915 3231
216 278 300 320 138
684 290 892 322 mer-ros
926 290 1197 322 ORETENSJS

218 384 326 424 inter
347 383 510 437 primos
523 383 741 433 bellando,
758 384 812 424 ad
834 387 1098 437 postremum
1118 383 1206 425 telo
1224 382 1379 423 AEneae
1393 387 1409 404 Χ
1430 381 1546 424 ictus
1560 383 1661 424 ruit.

218 449 328 504 [12]
359 450 573 491 Occidere
595 451 730 491 etiam
753 450 839 490 duo
863 451 1030 490 Priami
1054 449 1171 498 filii,y
1204 462 1343 502 neque
1364 448 1534 501 reliqua
1554 450 1664 489 mul-

219 517 361 558 titudo
384 522 569 570 utraque
590 530 649 557 ex
683 521 807 570 parte
840 517 982 558 cladis
1005 516 1100 570 ejus
1119 529 1277 569 expers
1298 515 1396 556 fuit.
1458 515 1663 556 Ceterum

220 583 420 625 Achilles
436 589 477 625 et
497 583 617 637 Ajax
634 584 917 632 Telamonis‚³
941 596 1124 636 quorum
1147 583 1307 623 virtute
1321 581 1471 623 Graeci
1491 585 1666 623 susten-

220 651 437 699 tabantur,
473 663 630 699 magna
660 651 799 702 gloria
818 650 1089 697 dimicantes,
1130 653 1292 690 metum
1314 649 1529 698 hostibus,
1552 653 1596 689 et
1617 649 1666 689 fi-

219 715 393 757 duciam
414 717 507 756 suis
537 715 736 756 effecere.
797 714 956 767 Neque
990 714 1178 768 amplius
1209 715 1356 756 resisti
1386 715 1479 768 jam
1512 714 1665 768 apud4

219 795 296 823 cos
317 786 501 836 poterat,
516 783 620 835 quin
642 782 854 835 paulatim
878 781 1189 822 decedentibus
1210 782 1277 821 his
1299 795 1413 835 quos
1436 782 1666 823 adversum

219 849 374 898 ierant,
397 849 451 889 ad
476 851 744 901 postremum
766 848 912 888 cuncti
933 848 1197 900 fugarentur.
1242 847 1315 888 Ita
1332 848 1471 889 libero
1493 850 1548 890 ab
1567 848 1668 890 hos-

218 916 338 956 tibus
360 920 572 968 tempore,
595 915 744 956 Graeci
775 915 1021 956 subductas
1054 927 1207 964 naves,
1239 921 1374 968 atque
1402 916 1446 956 in
1472 916 1667 957 ordinem

221 982 526 1034 compositas⁵
559 986 653 1022 tuto
674 982 909 1022 collocant.
972 982 1086 1021 Dein
1121 995 1181 1021 ex
1213 982 1414 1022 omnibus
1447 981 1667 1023 Achillem

219 1053 263 1088 et
312 1047 497 1101 Ajacem
536 1047 864 1095 Telamonium,
906 1060 1090 1100 quorum
1131 1048 1293 1089 virtute
1336 1048 1526 1088 maxime
1564 1048 1669 1089 fide-

219 1116 340 1164 bant,
375 1114 581 1155 custodes
607 1115 816 1168 diligunt:
849 1113 1037 1167 hisque⁶
1068 1115 1253 1155 tutelam
1287 1114 1499 1154 classium
1534 1118 1669 1167 atque

221 1183 447 1223 exercitus
477 1196 554 1235 per
581 1181 721 1223 latera
743 1188 878 1234 atque
902 1186 1095 1221 cornua³
1130 1180 1444 1221 distribuentes
1476 1180 1668 1221 tradunt.

220 1248 357 1302 Igitur
395 1249 613 1289 ordinatis
648 1248 968 1301 dispositisque
1003 1247 1226 1297 omnibus,
1261 1246 1504 1299 Telephus,
1542 1247 1669 1300 cujus

221 1315 358 1357 ductu
381 1316 437 1357 ad
458 1315 634 1368 Trojam
658 1315 910 1367 navigatum
943 1317 1024 1362 est,
1052 1325 1211 1366 magna
1244 1312 1312 1353 sui
1347 1312 1468 1365 apud
1501 1314 1669 1354 exerci-

823 1443 1061 1457 eeeeeeeeeeee

222 1532 338 1555 vocem
357 1522 523 1564 filius—3
548 1521 676 1564 Delph.
697 1522 965 1554 Telamonius—4
990 1520 1116 1561 Delph.
1133 1520 1370 1551 adversum-5
1396 1518 1519 1559 Delph.
1541 1517 1669 1558 positas.

872 1637 1013 1670 NOTAE

1015 1718 1027 1732 Ζ
1054 1712 1191 1743 Achilles
1205 1715 1237 1743 et
1252 1712 1339 1752 Ajax
1363 1709 1550 1750 Telamonis]
1580 1708 1669 1751 Ajax

263 1768 280 1783 x
307 1763 378 1794 Telo
406 1763 530 1802 AEnece]
567 1763 782 1803 Palaephatus
812 1762 915 1794 etiam
970 1762 1004 1792 in
1019 1760 1130 1792 fronte
1146 1762 1281 1792 navium
1298 1761 1502 1797 collocatus,
1518 1759 1667 1790 Achilles

222 1713 290 1745 bris
308 1722 402 1744 mens
418 1714 518 1744 etiam
535 1714 735 1745 solveretur.

222 1812 360 1853 scripsit
387 1813 613 1843 Protesilaum
640 1814 682 1843 ab
703 1814 808 1844 AEnea
829 1813 915 1844 occi-

221 1872 292 1893 sum
309 1862 424 1893 fnisse.
471 1862 538 1892 Alii
561 1872 639 1893 vero
655 1862 697 1893 ab
716 1862 847 1894 Achate
864 1863 916 1894 AE-

221 1922 293 1943 neae
310 1912 424 1949 socio;
449 1913 507 1942 sed
535 1912 646 1952 potior
660 1922 750 1951 pars,
764 1912 805 1943 ab
825 1912 916 1943 Hec-

222 1967 310 1993 tore.
336 1961 502 1992 Homerus
519 1966 631 1991 autem
645 1971 764 1992 nomen
780 1962 916 1993 reticuit

222 2022 298 2043 cum
315 2012 474 2051 scripsit:
497 2010 558 2041 Τὸν
581 2012 605 2042 δ’
629 2011 738 2042 ἔκτανε
759 2010 916 2052 Δάρδανος

222 2061 306 2102 ἀνὴρ.
352 2062 427 2092 Nisi
451 2060 499 2091 ibi
523 2061 533 2078 ‘
548 2061 744 2092 Dardanus’
762 2062 823 2092 viri
840 2071 915 2102 pro-

222 2113 332 2153 prium
347 2120 419 2142 esse
436 2115 546 2151 putes,
569 2115 606 2141 ut
620 2110 756 2151 quidam
772 2110 915 2147 faciunt,

224 2161 315 2203 quod
341 2161 421 2192 milii
436 2169 500 2191 non
519 2161 643 2201 placet.
691 2160 798 2191 Immo
814 2161 916 2191 miror

224 2221 290 2242 non
319 2210 439 2241 vidisse
465 2209 553 2241 viros
581 2209 702 2241 doctos
733 2209 916 2240 Homerum

223 2260 388 2292 scientem
405 2265 441 2291 et
457 2260 638 2299 volentem,
653 2263 692 2290 nt
713 2259 819 2299 aiunt,
834 2259 918 2290 Pro-

223 2310 337 2342 tesilai
353 2309 606 2340 interfectorem
623 2310 766 2349 celasse,
781 2314 818 2340 ut
831 2309 917 2340 veri-

225 2359 480 2392 similitudinem
509 2365 544 2391 et
574 2359 733 2390 decorum
765 2364 918 2391 servaret

223 2410 374 2441 scilicet:
393 2419 466 2440 nam
479 2419 552 2440 cum
566 2409 773 2442 Protesilaus
791 2410 918 2451 primus

225 2470 245 2492 e
268 2459 408 2491 navibus
432 2459 596 2498 exsiliret,
617 2460 768 2500 adeoque
792 2459 834 2491 ab
853 2469 922 2491 om-

225 2509 316 2540 nium
334 2509 410 2540 telis
426 2511 613 2548 peteretur,
627 2508 768 2539 ridicule
784 2508 924 2540 fecisset

227 2558 327 2599 poeta
344 2562 473 2589 certum
495 2558 641 2598 aliquem
667 2559 850 2590 Protesilai
872 2559 921 2590 in-

226 2607 444 2639 terfectorem
470 2607 596 2638 dicere.
651 2607 766 2649 Atque
792 2608 865 2639 haec
887 2608 921 2639 in

226 2657 367 2696 gratiam
385 2657 526 2687 Homeri
543 2657 636 2688 dicta
651 2658 729 2697 sint,
742 2668 841 2699 quem
857 2668 921 2699 ego

227 2715 299 2746 prae
325 2706 462 2747 reliquis
477 2716 566 2746 amo,
590 2706 752 2748 demiror,
767 2712 801 2739 et
816 2708 923 2740 mani—

226 2756 288 2787 bus
304 2755 386 2786 fero.

269 2811 282 2832 y
303 2805 375 2836 Duo
386 2805 510 2837 Priami
516 2805 600 2848 filii]
624 2806 714 2839 Vide
731 2807 870 2840 Homer.

970 1811 1004 1841 in
1029 1815 1139 1849 tergo.
1187 1811 1324 1841 Homer.
1351 1808 1451 1840 Iliad.
1480 1809 1545 1845 Στῆ
1571 1809 1596 1838 δ’
1623 1809 1669 1838 ἐπ’

968 1860 1140 1896 Ὀδυσσῆος
1154 1858 1327 1897 μεγακήτεϊ
1349 1858 1403 1895 νηῒ·
1423 1857 1568 1899 μελαίνῃ,
1583 1857 1626 1888 “H
1643 1859 1670 1897 ῥ’

968 1908 1001 1939 ἐν
1010 1908 1158 1948 μεσσάτῳ
1171 1907 1253 1948 ἔσκε,
1266 1907 1443 1947 ’γεγωνέμεν
1451 1907 1653 1948 ἀμφοτέρωσε
1660 1930 1668 1945 ,

967 1958 1063 1998 Ἤμὲν
1078 1959 1124 1989 ἐπ’
1138 1958 1268 1989 Αἴαντος
1289 1957 1411 1994 κλισίης
1425 1957 1667 1996 Τελαμονιοίδαο,

967 2007 1031 2038 Ἢδ’
1059 2007 1106 2038 ἐπ’
1127 2007 1311 2046 Ἀχιλλῆος,
1327 2005 1378 2036 τοί
1403 2006 1428 2046 ῥ’
1457 2005 1580 2046 ἔσχατα
1595 2007 1670 2043 νῆας

969 2057 1056 2089 ἐΐσας
1077 2058 1220 2099 Εἴρυσαν,
1235 2057 1344 2098 ἠνορέῃ
1360 2056 1480 2088 πίσυνοι
1498 2056 1547 2088 καὶ
1564 2055 1673 2097 κάρτεΐ

968 2109 1091 2148 χειρῶν.
1124 2108 1133 2125 ‘
1149 2108 1254 2139 Stetit
1270 2112 1385 2138 autem
1401 2107 1434 2137 in
1452 2106 1581 2148 Ulyssis
1597 2107 1670 2138 ceti

969 2159 1076 2188 instar
1091 2167 1213 2197 magua
1228 2157 1307 2188 navi
1320 2157 1428 2197 nigra,
1445 2157 1532 2189 Quae
1550 2157 1582 2188 in
1599 2166 1670 2188 me-

970 2209 1027 2239 dio
1043 2213 1129 2246 erat,
1144 2208 1184 2239 ad
1202 2207 1414 2239 clamandum
1431 2207 1463 2238 in
1489 2210 1671 2248 utrumque

970 2259 1072 2296 latus,
1094 2259 1180 2289 Tum
1197 2258 1239 2288 ad
1256 2257 1374 2298 Ajacis
1401 2258 1552 2288 tentoria
1571 2258 1670 2289 Tela-

969 2309 1084 2348 monii‚
1096 2309 1179 2339 Tum
1196 2309 1237 2339 ad
1255 2308 1408 2345 Achillis,
1424 2308 1480 2348 qui
1505 2308 1537 2338 in
1556 2312 1671 2339 extre—

971 2368 1041 2390 mas
1069 2364 1181 2398 partes
1208 2368 1309 2389 naves
1328 2358 1477 2398 aequales
1493 2357 1670 2388 Subduxe-

973 2413 1062 2448 rant,
1086 2407 1288 2439 fortitudine
1316 2405 1396 2437 freti
1417 2410 1452 2437 et
1467 2406 1586 2438 robore
1601 2416 1670 2438 ma-

974 2458 1101 2490 nuum.'

1015 2514 1029 2530 a
1055 2510 1117 2540 Per
1141 2510 1242 2540 latera
1265 2511 1356 2548 atque
1382 2505 1511 2546 cornua]
1544 2507 1671 2538 Fateor

973 2568 1026 2590 me
1042 2559 1172 2589 nescire
1188 2557 1266 2599 quid
1285 2558 1341 2596 sit,
1365 2556 1375 2573 ‘
1389 2555 1596 2587 distribuere
1612 2564 1671 2586 na-

973 2617 1030 2640 ves
1045 2618 1107 2649 per
1122 2609 1231 2639 latera
1244 2606 1264 2639 z'
1289 2606 1351 2637 nisi
1370 2605 1452 2636 velit
1468 2604 1595 2643 dicere,
1613 2614 1669 2635 na-

973 2668 1031 2690 ves
1057 2658 1251 2699 conjunctis
1280 2656 1444 2688 lateribus
1471 2655 1670 2694 collocatas,

970 2708 1144 2740 ordinatas
1165 2707 1281 2742 fuisse,
1306 2711 1342 2738 et
1364 2706 1397 2737 in
1415 2714 1540 2737 cornua
1555 2704 1671 2735 distri-

975 2760 1096 2798 butas;
1119 2768 1184 2800 quo
1206 2757 1340 2790 facilius
1364 2756 1508 2789 assultus
1523 2754 1670 2787 hostium

975 2809 1226 2850 propulsarent.
