1915 3231
600 388 659 417 ne
696 387 863 418 exero.
896 387 1066 417 TROJAE
1098 387 1293 419 Hisron.
1581 378 1665 419 313

215 480 380 533 populo
410 479 604 527 missus,a
635 479 755 520 dona
781 479 978 533 Apollini
1007 481 1226 532 portabat.
1288 479 1410 520 Huic
1437 493 1494 521 cx
1518 481 1666 535 adytis

213 546 513 599 respondetur,
532 551 583 585 ut
604 557 702 585 cum
723 544 985 598 Argivorum
1007 546 1151 587 classe
1174 546 1360 586 militum
1383 552 1535 587 contra
1555 549 1665 588 Tro-

207 612 341 665 janos
360 611 680 665 proficiscatur,
697 624 861 664 eosque
883 625 962 652 sua
978 612 1266 663 intelligentia
1282 616 1468 662 moveat,
1489 626 1543 652 ne
1565 614 1666 654 inde

214 679 442 720 discedant
462 679 599 732 prius,
622 691 753 731 quam
768 678 902 732 Troja
923 684 1054 732 capta
1071 679 1143 719 sit.
1184 678 1427 732 Postquam
1450 679 1493 719 in
1513 679 1663 720 fanum

214 751 389 786 ventum
413 751 493 795 est,
515 747 625 786 inter
646 759 694 786 se
714 744 913 787 Achilles
933 750 974 787 et
995 746 1186 787 Calchas
1219 759 1437 800 responsa
1469 747 1666 787 contule-

213 817 333 853 runt:
367 812 610 864 gaudentes
628 812 837 865 hospitio,
868 813 1111 854 amicitiam
1135 813 1405 862 confirmant,
1426 826 1510 853 una
1531 812 1666 854 Athe-

214 891 296 919 nas
328 878 667 932 proficiscuntur
698 883 743 919 et
770 879 1045 932 perveniunt.
1110 879 1303 920 Achilles
1326 879 1479 921 eadem
1498 880 1544 920 in
1567 893 1667 921 con-

215 945 320 986 cilio
342 946 484 987 refert.
544 945 698 998 Argivi
721 946 930 999 gaudent,
949 946 1236 987 Calchantem
1261 960 1410 987 secum
1433 947 1666 1000 recipiunt,

215 1013 406 1054 classem
427 1015 619 1055 solvunt.
680 1013 793 1054 Cum
812 1025 888 1053 eos
909 1016 1195 1066 tempestates
1216 1013 1277 1053 ibi
1298 1013 1543 1062 retinerent,
1565 1014 1668 1055 Cal-

215 1080 322 1120 chas
343 1093 399 1120 ex
421 1081 603 1133 augurio
636 1079 869 1134 respondit
900 1084 949 1120 ut
981 1080 1168 1132 primum
1190 1084 1458 1121 revertantur
1475 1081 1518 1121 in
1539 1079 1669 1121 Auli-

216 1146 349 1196 dem,b
375 1151 421 1188 ut
453 1147 611 1189 Dianae
646 1146 908 1188 sacrificent.
979 1146 1175 1187 Profecti
1212 1147 1487 1200 perveniunt.
1546 1147 1667 1202 Aga-

215 1226 417 1254 memnon
438 1214 627 1254 Dianam
649 1213 827 1266 placat,c
863 1213 1056 1266 dicitque
1085 1214 1224 1254 sociis
1253 1214 1441 1255 classem
1476 1215 1666 1266 solvant,

216 1279 272 1320 ad
293 1280 473 1334 Trojam
495 1281 575 1321 iter
594 1281 773 1321 saciant.
834 1280 1026 1321 Utuntur
1047 1281 1158 1321 duce
1182 1281 1442 1331 Philocteta,
1472 1284 1545 1335 qui
1568 1297 1666 1324 cum

215 1346 514 1399 Argonautisd
547 1348 603 1388 ad
637 1347 818 1401 Trojam
852 1348 974 1388 ierat.
1035 1348 1206 1389 Deinde
1228 1349 1455 1402 applicant
1475 1350 1665 1391 classem

216 1414 272 1454 ad
306 1414 552 1468 oppidum,e
585 1414 701 1469 quod
735 1416 816 1455 sub
848 1415 1033 1468 imperio
1066 1415 1232 1456 Priami
1263 1417 1377 1468 regis
1410 1421 1515 1466 erat,
1547 1421 1590 1458 et
1623 1417 1667 1457 id

215 1486 493 1534 expugnant:
526 1483 766 1536 praedaque
787 1482 923 1532 facta,
945 1482 1300 1536 proficiscuntur:
1325 1483 1504 1524 veniunt
1525 1483 1668 1525 Tene-

216 1547 314 1597 don,
345 1549 497 1602 ibique
530 1562 681 1590 omnes
717 1550 937 1590 occidunt.
998 1548 1105 1602 [16]
1137 1548 1436 1601 Agamemnon
1470 1550 1668 1602 praedam

215 1615 386 1665 dividit,
409 1617 647 1658 concilium
671 1621 819 1658 vocat.
881 1616 987 1657 Inde
1009 1617 1174 1668 legatos
1198 1616 1251 1656 ad
1271 1616 1493 1657 Priamum
1515 1617 1668 1667 mittit,

216 1683 256 1723 si
277 1684 414 1724 vellet
437 1683 670 1732 Helenam,
706 1688 749 1724 et
769 1683 963 1737 praedam
987 1695 1117 1735 quam
1139 1681 1393 1722 Alexander
1414 1683 1519 1724 fecit
1538 1685 1669 1724 resti-

214 1754 353 1790 tuere.
414 1750 567 1803 Legati
588 1750 786 1802 leguntur
804 1748 1046 1790 Diomedes
1069 1753 1110 1790 et
1131 1749 1344 1802 Ulysses3
1367 1750 1422 1790 ad
1445 1750 1668 1792 Priamum

213 1816 569 1870 proficiscuntur.
648 1818 768 1858 Dum
810 1817 944 1869 legati
985 1817 1194 1857 mandato
1235 1821 1404 1870 parent,
1444 1818 1669 1859 mittuntur

214 1882 414 1925 Achilles
433 1888 476 1925 et
494 1884 714 1938 Telephus
727 1881 741 1905 f
759 1883 814 1924 ad
836 1883 1172 1937 depraedandam
1192 1883 1402 1937 Mysiam.
1453 1882 1526 1924 Ad
1548 1884 1666 1925 Teu-

214 1949 428 1991 thrantem
464 1964 611 2004 regem
645 1951 835 2000 veniunt,
874 1950 1158 2004 praedamque
1194 1950 1376 1992 faciunt.
1448 1951 1669 1992 Teuthras

215 2030 314 2058 cum
351 2019 548 2059 exercitu
582 2018 848 2072 supervenit,
879 2031 1008 2071 quem
1044 2016 1248 2058 Achilles
1280 2017 1432 2070 fugato
1467 2019 1669 2060 exercitu

141 2093 144 2096 ’
212 2084 488 2127 vulneravit:
519 2098 646 2138 quem
674 2085 896 2138 jacentem
929 2084 1154 2138 Telephus
1187 2085 1346 2138 clypeo
1379 2085 1588 2138 protexit,
1616 2098 1669 2126 ne

216 2151 272 2192 ab
294 2150 466 2192 Achille
485 2152 819 2202 interficeretur3
852 2164 1200 2194 commemorans
1221 2151 1464 2205 hospitium
1485 2153 1599 2194 inter
1619 2165 1667 2194 se

867 2295 1011 2326 NOTAE

216 2370 224 2387 ‘
242 2368 384 2401 Calchas
398 2368 637 2400 'Thestorides'
654 2369 816 2400 Homero.

256 2423 270 2439 ³
295 2420 339 2450 Et
352 2428 408 2459 pro
423 2418 605 2459 Phrygibus
616 2429 635 2450 α
650 2429 705 2450 suo
716 2421 826 2460 populo
840 2419 912 2450 mis-

212 2469 279 2509 sus]
303 2469 522 2500 Calchantem
544 2469 599 2500 hic
623 2470 808 2511 Phrygium
831 2469 914 2501 facit

213 2520 337 2554 Dares,
351 2523 387 2550 ut
397 2519 513 2550 nescio
525 2529 625 2560 quam
641 2520 814 2551 historiam
825 2530 914 2551 com-

213 2569 344 2608 pingat.
390 2568 458 2601 Sed
473 2569 568 2599 illum
585 2570 809 2611 Porphyrius,
824 2569 914 2610 apud

215 2619 442 2659 Eustathium‚
453 2628 495 2650 ex
506 2620 637 2651 Euboea
647 2626 764 2652 natum
774 2621 868 2661 dicit,
878 2625 914 2652 et

215 2667 359 2699 Abantis
374 2677 577 2709 apogonum.

258 2717 274 2738 ¹²
298 2719 505 2750 Revertantur
517 2719 551 2750 in
567 2719 730 2762 Aulidem]
748 2719 853 2761 Atqui
870 2729 912 2750 ex

216 2768 359 2799 Athenis
375 2769 532 2810 profecti,
548 2779 613 2801 non
627 2779 669 2800 ex
683 2769 819 2802 Aulide.
846 2771 914 2801 Cur

214 2817 318 2858 igitur
334 2827 391 2849 eos
406 2819 454 2849 ait
470 2819 504 2850 in
520 2818 678 2850 Aulidem
695 2820 846 2850 reverti?

257 2873 271 2889 ⁶
293 2868 507 2907 Agamemnon
531 2870 672 2901 Dianam
683 2871 804 2911 placat]
842 2871 913 2910 Op-

216 2917 296 2950 time
315 2916 515 2950 sacrificium
535 2918 720 2961 Iphigeniae
744 2920 912 2952 oblivisci-

968 2374 1037 2408 tur,
1070 2368 1254 2400 Homerum
1285 2372 1437 2408 secutus,
1461 2369 1516 2411 qni
1544 2370 1668 2402 nullam

967 2419 1056 2450 illius
1073 2419 1280 2449 mentionem
1295 2418 1388 2450 feeit.

1011 2469 1025 2490 ὓ
1051 2470 1115 2505 Qui
1129 2478 1196 2499 cum
1212 2467 1423 2508 Argonautis]
1440 2468 1668 2502 Philoctetam

968 2519 1057 2550 inter
1071 2519 1286 2559 Argonautas
1303 2523 1460 2550 numerat
1475 2518 1579 2550 etiam
1597 2519 1669 2561 Hy-

967 2570 1079 2609 ginus.

1009 2624 1023 2640 e
1045 2618 1098 2650 Ad
1112 2617 1270 2658 oppidum]
1305 2617 1432 2649 Nescio
1455 2619 1555 2658 quale
1571 2620 1667 2660 oppi-

967 2668 1046 2699 dum
1063 2668 1117 2698 hic
1135 2667 1241 2698 dicat.
1286 2666 1326 2698 In
1341 2667 1414 2707 ipso
1431 2668 1545 2699 littore
1562 2668 1668 2702 fuisse

967 2727 1106 2750 necesse
1124 2722 1189 2748 est.
1232 2716 1300 2748 Sed
1318 2722 1465 2758 nugatur
1481 2719 1605 2750 Dares-

1010 2767 1022 2790 ἲ
1056 2768 1235 2799 Mittuntur
1264 2766 1401 2799 Achilles
1438 2771 1468 2799 et
1501 2768 1667 2811 Telephus]

970 2818 1119 2850 Omnino
1133 2817 1233 2848 aliter
1247 2816 1321 2848 haee
1333 2822 1448 2849 narrat
1461 2819 1597 2860 DictyS,
1609 2819 1666 2861 qui

968 2869 1074 2900 multo
1092 2868 1216 2899 verior.
1263 2866 1363 2898 Illum
1382 2867 1471 2908 vide,
1488 2877 1529 2900 11.
