1915 3231
532 253 596 284 DE
628 252 784 283 senno
817 251 1041 283 TRoJANo
1077 252 1169 283 mn.
1203 251 1266 281 vt.
1536 241 1620 284 267

175 345 424 388 Corinthum
445 345 647 397 agebat‚¹¹¹
669 344 814 386 tradit.
873 344 941 385 Eo
962 344 1206 385 Diomedes
1227 344 1439 396 expulsus
1455 350 1620 397 regno‚¹²

174 418 220 454 et
258 412 459 452 Teucer⁰
488 411 731 463 prohibitus
760 410 991 453 Salamina
1025 423 1053 450 a
1089 410 1343 459 Telamone,
1382 410 1501 462 quod
1535 410 1621 450 fra-

175 483 284 519 trem
324 477 498 517 insidiis
528 478 875 518 circumventum
906 488 994 517 non
1024 476 1312 525 defendisset,
1344 476 1620 517 conveniunt.

174 543 351 585 Interim
374 543 666 585 Mnestheusp
695 556 797 584 cum
818 543 975 584 AEthra
1003 546 1047 584 et
1074 541 1284 596 Clymena
1311 541 1403 582 filia
1433 541 1530 594 ejus
1563 543 1619 582 ab

171 608 522 650 Atheniensibus
543 609 776 662 recipitur:
812 608 1104 662 Demophoon
1132 611 1261 661 atque
1283 606 1496 647 Athamas
1511 612 1528 638 9
1558 608 1620 648 fo-

170 676 230 715 ris
261 679 451 715 manent.
509 673 711 715 Ceterum
750 674 827 714 ubi
860 674 1021 727 plures
1057 686 1225 723 eorum,
1260 674 1335 726 qui
1365 678 1617 723 evaserant,

172 740 293 794 apud
315 740 565 782 Corinthum
586 740 721 790 fuere,
744 746 922 790 cavent,
953 741 1015 781 uti
1040 740 1185 794 juncti
1212 740 1328 780 inter
1358 752 1423 788 se,
1449 739 1619 792 singula

173 807 496 861 aggrederentur
515 820 665 860 regna,
685 808 890 861 belloque
913 808 1078 849 aditum
1097 807 1154 848 ad
1171 819 1280 847 suos
1304 805 1618 859 patefacerent.

169 874 282 915 Eam
302 887 388 915 rem
410 873 579 915 Nestor
598 874 812 927 prohibet,
835 875 1030 916 suadens
1063 874 1292 916 tentandos
1313 872 1435 927 prius
1456 872 1618 913 civium

168 940 364 981 animos:
395 952 539 993 neque
559 940 934 990 committendum,
965 941 1031 982 uti
1052 953 1131 993 per
1152 940 1419 981 seditionem
1440 937 1620 980 Graecia

169 1007 309 1047 omnis
339 1007 561 1047 intestinis
590 1006 830 1048 discordiis
862 1011 1222 1060 corrumperetur.
1282 1005 1442 1059 Neque
1474 1005 1618 1046 multo

168 1077 273 1126 post
290 1073 516 1125 cognoscit
537 1072 780 1114 Diomedes
802 1073 846 1113 in
867 1073 1035 1114 AEtolia
1059 1073 1116 1114 ab
1136 1072 1206 1113 his
1227 1073 1305 1127 qui
1324 1085 1403 1125 per
1424 1072 1617 1112 absenti-

170 1150 241 1179 am
259 1137 354 1192 ejus
375 1151 560 1191 regnum
593 1139 880 1188 infestabant,
906 1139 1101 1180 OEneum
1118 1141 1130 1159 ¹
1145 1144 1162 1168 ‘³
1191 1137 1460 1179 multimodis
1482 1136 1619 1178 afflic-

168 1205 276 1247 tari:
299 1207 358 1247 ob
373 1220 473 1260 quae
495 1207 716 1261 profectus
732 1207 790 1248 ad
810 1220 862 1248 ea
884 1207 999 1257 loca,
1014 1220 1180 1257 omnes,
1200 1219 1310 1261 quos
1332 1210 1534 1246 auctores
1555 1205 1618 1246 in-

161 1271 291 1325 juriae
312 1278 550 1327 repererat,
579 1273 804 1315 interficit:
833 1276 1038 1326 metuque
1071 1273 1275 1313 omnibus
1307 1271 1473 1312 circum
1502 1271 1617 1312 locis

170 1337 355 1391 injecto,
386 1339 517 1381 facile
557 1341 613 1381 ab
655 1340 748 1380 suis
782 1343 984 1392 receptus
1019 1343 1122 1380 est.r
1183 1337 1291 1379 Inde
1326 1350 1407 1390 per
1446 1349 1617 1390 omnem

169 1402 398 1446 Graeciam
420 1406 539 1446 fama
570 1409 676 1454 orta,
709 1417 811 1446 suos
836 1404 1027 1458 quisque
1059 1417 1186 1456 reges
1221 1404 1469 1457 accipiunt:
1501 1416 1617 1444 sum-

167 1482 284 1510 mam
303 1471 344 1510 in
363 1471 432 1511 his
453 1472 528 1524 qui
548 1471 667 1524 apud
688 1470 870 1524 Trojam
891 1470 1162 1511 bellaverant
1180 1471 1396 1518 virtutem,
1412 1482 1553 1522 neque
1573 1470 1616 1509 in

167 1537 410 1577 resistendo
432 1537 688 1591 cujusquam
712 1538 826 1578 vires
848 1536 1031 1578 idoneas
1052 1537 1374 1578 existimantes.
1436 1535 1510 1577 Ita
1535 1549 1616 1576 nos

773 1643 830 1655 000

208 1708 229 1737 9
254 1706 383 1749 Delph.
398 1706 629 1739 Achamas.—1
651 1708 752 1749 Vulg.
769 1717 803 1739 eo
819 1708 951 1740 nomine.

822 1792 962 1825 NOTAE

165 1853 224 1876 nas
247 1844 416 1884 perlatum
437 1843 563 1875 fuisse:
599 1844 647 1877 ibi
675 1845 763 1877 enim
779 1845 864 1878 dicit
917 1845 1091 1885 deuntem,
1119 1855 1194 1877 eum
1221 1844 1392 1877 Salamine
1415 1845 1539 1886 ejecit;
1559 1843 1617 1886 qui

167 1895 305 1932 Nestor,
327 1894 476 1925 Oresten
497 1893 640 1925 Athenis
666 1897 800 1927 venisse
825 1900 864 1927 ut
917 1905 953 1927 se
969 1896 1094 1928 Sidona
1115 1896 1273 1931 contulit,
1297 1901 1333 1927 et
1356 1895 1435 1927 inde
1453 1896 1616 1936 Cyprum,

164 1945 353 1985 AEgisthnm
371 1943 593 1976 interficeret.
636 1945 703 1976 Sed
723 1945 798 1976 vide
815 1945 862 1976 ibi

164 1995 322 2026 Enstath.
340 2005 372 2035 p.
391 1997 486 2026 1469.
503 1995 558 2035 qni
576 1994 683 2026 refert
698 1995 861 2036 quosdam

165 2055 227 2086 pro
236 2045 287 2076 ἀπ’
298 2044 454 2082 Ἀθηναίων
461 2045 635 2085 scripsisse
646 2044 708 2076 ἀπὸ
719 2045 860 2083 Φωκήων,

162 2105 181 2126 a
197 2094 358 2126 Phocide.
393 2093 489 2125 Alios
505 2103 598 2134 vero,
615 2094 777 2126 Orestem
795 2096 862 2136 pri-

161 2154 216 2176 mo
233 2145 266 2176 in
284 2143 479 2180 Phocidem,
496 2149 532 2175 et
549 2154 568 2175 a
584 2144 737 2176 Phocide
755 2145 861 2177 Athe-

163 2203 224 2224 nas
243 2197 453 2234 pervectum,
471 2193 691 2224 intellexisse.

205 2247 228 2262 ¹¹·
251 2242 411 2272 Idomeneo
427 2241 479 2280 qui
494 2242 575 2281 apud
589 2241 775 2273 Corinthum
789 2252 862 2281 age-

163 2291 232 2331 bat]
256 2291 373 2331 Fingit
390 2291 518 2322 Noster
532 2291 763 2326 Idomeneum,
781 2293 862 2323 Cre-

161 2346 197 2373 ta
223 2342 415 2381 expulsum,
440 2340 633 2382 confugisse
649 2342 863 2382 Corinthum,

161 2391 252 2422 unde
268 2396 389 2431 postea
411 2391 446 2421 in
469 2400 611 2432 regnum
634 2401 729 2423 sunm
746 2401 864 2433 recep-

161 2447 215 2472 tus
232 2446 298 2472 est.

203 2495 218 2511 ¹¹
243 2491 291 2521 Eo
310 2490 477 2522 Diomedes
491 2492 638 2531 expulsus
651 2491 763 2532 regno]
794 2492 864 2524 Ne-

165 2541 326 2581 scioquos
342 2545 498 2572 auctores
514 2541 566 2572 hic
585 2541 714 2572 Noster
726 2547 863 2573 secutus

164 2596 229 2630 est,
247 2591 303 2631 qui
320 2590 458 2628 scribat,
472 2590 674 2622 Diomedem
692 2600 793 2631 regno
805 2600 862 2622 ex-

162 2641 294 2681 pulsum
325 2640 524 2671 Corinthum
556 2640 705 2680 petiisse,
734 2641 792 2682 qui
823 2651 860 2672 re

161 2700 241 2721 vera
258 2699 294 2721 se
311 2690 343 2721 in
361 2689 495 2721 Italiam
512 2690 672 2722 contulit.

204 2744 219 2759 ⁰
241 2740 286 2771 Et
316 2739 446 2778 Teucer]
479 2739 645 2770 Telamon
670 2748 744 2771 cnm
772 2740 859 2770 Teu-

162 2798 254 2820 crum
271 2788 403 2821 videret
420 2789 544 2830 absque
561 2788 665 2821 fratre
683 2789 790 2830 Ajace
808 2799 859 2821 re-

916 1945 975 1976 ubi
993 1955 1113 1977 novam
1136 1945 1308 1977 Salamina
1330 1944 1496 1984 condidit,
1519 1945 1616 1985 Virg.

916 2003 941 2025 1.
957 1994 1031 2026 AEn.
1053 1999 1061 2012 ⁸
1076 1994 1192 2037 Atque
1203 1995 1359 2037 equidem
1371 1996 1536 2027 Teucrum
1547 2004 1616 2026 me·

915 2045 997 2076 mini
1024 2045 1153 2077 Sidona
1179 2046 1306 2082 venire,
1332 2045 1473 2077 Finibus
1497 2045 1616 2085 expul-

917 2104 989 2126 sum
1016 2095 1150 2135 patriis,
1178 2105 1265 2127 nova
1295 2105 1399 2136 regna
1427 2100 1615 2134 petentem,

918 2143 1054 2175 Auxilio
1071 2144 1148 2175 Beli
1163 2154 1171 2174 :
1189 2144 1322 2184 genitor
1334 2149 1404 2176 tum
1422 2145 1527 2175 Belus
1543 2144 1616 2185 opi-

916 2203 1004 2225 mam
1020 2193 1189 2224 Vastabat
1207 2194 1370 2234 Cyprum,
1387 2199 1423 2225 et
1443 2193 1552 2225 victor
1566 2194 1615 2224 di·

916 2244 1007 2275 tione
1024 2243 1187 2274 tenebat.'

958 2298 974 2320 Ρ
997 2293 1130 2324 Interim
1145 2293 1343 2333 Mnestheus]
1378 2293 1431 2324 Ab
1447 2293 1520 2323 aliis
1537 2302 1614 2324 auc-

916 2343 1046 2375 toribus
1077 2343 1229 2374 diversus
1259 2343 1342 2380 abit,
1376 2343 1434 2384 qui
1463 2343 1615 2374 scribunt

916 2393 1156 2431 Athenienses,
1173 2393 1310 2433 repulso
1325 2392 1520 2433 Mnestheo,
1544 2394 1613 2424 De-

917 2443 1113 2483 mophoonti
1130 2452 1269 2483 regnum
1288 2442 1480 2473 tradidisse.

958 2498 973 2519 ⁴³
1013 2491 1163 2531 OEneum]
1200 2492 1325 2522 OEneus
1357 2491 1465 2531 Tydei
1502 2495 1614 2532 pater,

916 2551 998 2574 avus
1014 2540 1202 2576 Diomedis,
1218 2550 1280 2572 rex
1301 2541 1485 2582 Calydonis
1508 2541 1541 2572 iu
1557 2541 1613 2571 ΙΕ-

914 2593 1007 2624 tolia.

956 2645 969 2662 ¹
991 2640 1098 2672 Facile
1112 2640 1151 2672 ab
1170 2640 1237 2672 suis
1250 2643 1389 2680 receptus
1401 2639 1463 2680 est]
1497 2640 1614 2681 Fingit

913 2691 1053 2730 Noster,
1064 2689 1262 2721 Diomedem
1274 2690 1306 2720 in
1319 2690 1474 2721 AEtoliam
1489 2690 1608 2722 rediis-

914 2751 950 2772 se
967 2752 974 2772 :
997 2740 1087 2783 quod
1104 2740 1219 2772 nescio
1235 2749 1276 2771 an
1295 2739 1375 2771 alibi
1393 2740 1557 2781 reperias.
