<?xml version="1.0" encoding="UTF-8"?>
<!DOCTYPE html PUBLIC "-//W3C//DTD XHTML 1.0 Transitional//EN"
    "http://www.w3.org/TR/xhtml1/DTD/xhtml1-transitional.dtd">
<html xmlns="http://www.w3.org/1999/xhtml" xml:lang="en" lang="en">
 <head>
  <title>
</title>
<meta http-equiv="Content-Type" content="text/html;charset=utf-8" />
  <meta name='ocr-system' content='tesseract 3.04.00' />
  <meta name='ocr-capabilities' content='ocr_page ocr_carea ocr_par ocr_line ocrx_word'/>
</head>
<body>
  <div class='ocr_page' id='page_1' title='image "./dictyscretensise01dictuoft_0250.png"; bbox 0 0 1915 3231; ppageno 0'>
   <div class='ocr_carea' id='block_1_1' title="bbox 412 294 1399 338">
    <p class='ocr_par' dir='ltr' id='par_1_1' title="bbox 412 294 1399 338">
     <span class='ocr_line' id='line_1_1' title="bbox 412 294 1399 338; baseline 0.002 -4"><span class='ocrx_word' id='word_1_1' title='bbox 412 294 498 335; x_wconf 54' lang='lat'><strong>2112</strong></span> <span class='ocrx_word' id='word_1_2' title='bbox 882 306 1094 336; x_wconf 65' lang='lat' dir='ltr'><strong>nic&#39;rros</strong></span> <span class='ocrx_word' id='word_1_3' title='bbox 1128 306 1399 338; x_wconf 61' lang='lat' dir='ltr'><strong>cnssrnNsffl</strong></span> 
     </span>
    </p>
   </div>
   <div class='ocr_carea' id='block_1_2' title="bbox 399 397 1862 2048">
    <p class='ocr_par' dir='ltr' id='par_1_2' title="bbox 399 397 1862 2048">
     <span class='ocr_line' id='line_1_2' title="bbox 415 397 1862 454; baseline 0.002 -16"><span class='ocrx_word' id='word_1_4' title='bbox 415 397 631 447; x_wconf 89' lang='lat' dir='ltr'><strong>Ceterum,</strong></span> <span class='ocrx_word' id='word_1_5' title='bbox 655 402 702 439; x_wconf 90' lang='lat' dir='ltr'><strong>ut</strong></span> <span class='ocrx_word' id='word_1_6' title='bbox 723 400 945 451; x_wconf 82' lang='lat' dir='ltr'><strong>cognitum</strong></span> <span class='ocrx_word' id='word_1_7' title='bbox 977 405 1060 450; x_wconf 85' lang='lat' dir='ltr'><strong>est,</strong></span> <span class='ocrx_word' id='word_1_8' title='bbox 1085 405 1191 454; x_wconf 87' lang='lat' dir='ltr'><strong>post</strong></span> <span class='ocrx_word' id='word_1_9' title='bbox 1210 399 1458 440; x_wconf 80' lang='lat' dir='ltr'><strong>Alexandri</strong></span> <span class='ocrx_word' id='word_1_10' title='bbox 1480 399 1704 441; x_wconf 88' lang='lat' dir='ltr'><strong>interitum</strong></span> <span class='ocrx_word' id='word_1_11' title='bbox 1723 400 1862 441; x_wconf 80' lang='lat' dir='ltr'><strong>invisa</strong></span> 
     </span>
     <span class='ocr_line' id='line_1_3' title="bbox 411 465 1860 519; baseline 0.002 -15"><span class='ocrx_word' id='word_1_12' title='bbox 411 465 454 505; x_wconf 90' lang='lat' dir='ltr'><strong>ei</strong></span> <span class='ocrx_word' id='word_1_13' title='bbox 475 465 591 518; x_wconf 87' lang='lat' dir='ltr'><strong>apud</strong></span> <span class='ocrx_word' id='word_1_14' title='bbox 612 465 793 519; x_wconf 82' lang='lat' dir='ltr'><strong>Trojam</strong></span> <span class='ocrx_word' id='word_1_15' title='bbox 813 466 935 507; x_wconf 83' lang='lat' dir='ltr'><strong>suere</strong></span> <span class='ocrx_word' id='word_1_16' title='bbox 957 467 1118 516; x_wconf 84' lang='lat' dir='ltr'><strong>omnia,</strong></span> <span class='ocrx_word' id='word_1_17' title='bbox 1138 466 1501 518; x_wconf 84' lang='lat' dir='ltr'><strong>desideratusque</strong></span> <span class='ocrx_word' id='word_1_18' title='bbox 1524 465 1582 506; x_wconf 86' lang='lat' dir='ltr'><strong>ad</strong></span> <span class='ocrx_word' id='word_1_19' title='bbox 1614 479 1722 507; x_wconf 92' lang='lat' dir='ltr'><strong>suos</strong></span> <span class='ocrx_word' id='word_1_20' title='bbox 1748 467 1860 507; x_wconf 91' lang='lat' dir='ltr'><strong>redi-</strong></span> 
     </span>
     <span class='ocr_line' id='line_1_4' title="bbox 412 530 1859 586; baseline 0.001 -15"><span class='ocrx_word' id='word_1_21' title='bbox 412 535 500 572; x_wconf 88' lang='lat' dir='ltr'><strong>tus.</strong></span> <span class='ocrx_word' id='word_1_22' title='bbox 558 530 622 572; x_wconf 90' lang='lat' dir='ltr'><strong>At</strong></span> <span class='ocrx_word' id='word_1_23' title='bbox 642 532 758 573; x_wconf 86' lang='lat' dir='ltr'><strong>lucis</strong></span> <span class='ocrx_word' id='word_1_24' title='bbox 780 532 917 582; x_wconf 86' lang='lat' dir='ltr'><strong>initio,</strong></span> <span class='ocrx_word' id='word_1_25' title='bbox 938 533 1099 586; x_wconf 88' lang='lat' dir='ltr'><strong>quibus</strong></span> <span class='ocrx_word' id='word_1_26' title='bbox 1126 534 1389 586; x_wconf 86' lang='lat' dir='ltr'><strong>imperatum</strong></span> <span class='ocrx_word' id='word_1_27' title='bbox 1416 536 1524 582; x_wconf 89' lang='lat' dir='ltr'><strong>erat,</strong></span> <span class='ocrx_word' id='word_1_28' title='bbox 1546 531 1603 572; x_wconf 91' lang='lat' dir='ltr'><strong>ad</strong></span> <span class='ocrx_word' id='word_1_29' title='bbox 1624 545 1764 574; x_wconf 88' lang='lat' dir='ltr'><strong>naves</strong></span> <span class='ocrx_word' id='word_1_30' title='bbox 1785 546 1859 573; x_wconf 80' lang='lat' dir='ltr'><strong>ve-</strong></span> 
     </span>
     <span class='ocr_line' id='line_1_5' title="bbox 408 597 1856 652; baseline 0.003 -16"><span class='ocrx_word' id='word_1_31' title='bbox 408 597 547 646; x_wconf 89' lang='lat' dir='ltr'><strong>niunt,</strong></span> <span class='ocrx_word' id='word_1_32' title='bbox 569 597 792 639; x_wconf 87' lang='lat' dir='ltr'><strong>decretum</strong></span> <span class='ocrx_word' id='word_1_33' title='bbox 813 598 973 639; x_wconf 90' lang='lat' dir='ltr'><strong>civium</strong></span> <span class='ocrx_word' id='word_1_34' title='bbox 999 599 1170 639; x_wconf 90' lang='lat' dir='ltr'><strong>cunctis</strong></span> <span class='ocrx_word' id='word_1_35' title='bbox 1201 601 1390 639; x_wconf 88' lang='lat' dir='ltr'><strong>narrant.</strong></span> <span class='ocrx_word' id='word_1_36' title='bbox 1449 598 1611 651; x_wconf 84' lang='lat' dir='ltr'><strong>Itaque</strong></span> <span class='ocrx_word' id='word_1_37' title='bbox 1642 611 1742 640; x_wconf 91' lang='lat' dir='ltr'><strong>cum</strong></span> <span class='ocrx_word' id='word_1_38' title='bbox 1763 599 1856 652; x_wconf 89' lang='lat' dir='ltr'><strong>qui-</strong></span> 
     </span>
     <span class='ocr_line' id='line_1_6' title="bbox 408 664 1859 719; baseline 0.001 -15"><span class='ocrx_word' id='word_1_39' title='bbox 408 664 492 705; x_wconf 89' lang='lat' dir='ltr'><strong>bus</strong></span> <span class='ocrx_word' id='word_1_40' title='bbox 523 670 691 715; x_wconf 80' lang='lat' dir='ltr'><strong>antea,q</strong></span> <span class='ocrx_word' id='word_1_41' title='bbox 731 665 788 705; x_wconf 88' lang='lat' dir='ltr'><strong>ad</strong></span> <span class='ocrx_word' id='word_1_42' title='bbox 820 665 1118 706; x_wconf 83' lang='lat' dir='ltr'><strong>confirmanda</strong></span> <span class='ocrx_word' id='word_1_43' title='bbox 1149 679 1248 719; x_wconf 87' lang='lat' dir='ltr'><strong>quae</strong></span> <span class='ocrx_word' id='word_1_44' title='bbox 1287 670 1458 719; x_wconf 90' lang='lat' dir='ltr'><strong>tempus</strong></span> <span class='ocrx_word' id='word_1_45' title='bbox 1488 665 1709 714; x_wconf 89' lang='lat' dir='ltr'><strong>monebat,</strong></span> <span class='ocrx_word' id='word_1_46' title='bbox 1740 677 1859 706; x_wconf 88' lang='lat' dir='ltr'><strong>sece-</strong></span> 
     </span>
     <span class='ocr_line' id='line_1_7' title="bbox 410 730 1858 785; baseline 0.001 -14"><span class='ocrx_word' id='word_1_47' title='bbox 410 730 534 772; x_wconf 89' lang='lat' dir='ltr'><strong>dunt.</strong></span> <span class='ocrx_word' id='word_1_48' title='bbox 595 730 666 772; x_wconf 92' lang='lat' dir='ltr'><strong>Ibi</strong></span> <span class='ocrx_word' id='word_1_49' title='bbox 696 744 795 772; x_wconf 91' lang='lat' dir='ltr'><strong>cum</strong></span> <span class='ocrx_word' id='word_1_50' title='bbox 825 731 968 771; x_wconf 88' lang='lat' dir='ltr'><strong>multa</strong></span> <span class='ocrx_word' id='word_1_51' title='bbox 988 730 1043 771; x_wconf 92' lang='lat' dir='ltr'><strong>de</strong></span> <span class='ocrx_word' id='word_1_52' title='bbox 1074 732 1300 785; x_wconf 87' lang='lat' dir='ltr'>republica</span> <span class='ocrx_word' id='word_1_53' title='bbox 1331 745 1384 773; x_wconf 91' lang='lat' dir='ltr'><strong>ac</strong></span> <span class='ocrx_word' id='word_1_54' title='bbox 1415 744 1586 772; x_wconf 87' lang='lat' dir='ltr'><strong>summa</strong></span> <span class='ocrx_word' id='word_1_55' title='bbox 1610 744 1747 772; x_wconf 88' lang='lat' dir='ltr'><strong>rerum</strong></span> <span class='ocrx_word' id='word_1_56' title='bbox 1771 731 1858 772; x_wconf 89' lang='lat' dir='ltr'><strong>dis-</strong></span> 
     </span>
     <span class='ocr_line' id='line_1_8' title="bbox 411 798 1858 853; baseline 0.001 -15"><span class='ocrx_word' id='word_1_57' title='bbox 411 801 614 848; x_wconf 84' lang='lat' dir='ltr'><strong>sererent,</strong></span> <span class='ocrx_word' id='word_1_58' title='bbox 646 798 914 839; x_wconf 87' lang='lat' dir='ltr'><strong>voluntatem</strong></span> <span class='ocrx_word' id='word_1_59' title='bbox 949 810 1124 852; x_wconf 90' lang='lat' dir='ltr'><strong>quoque</strong></span> <span class='ocrx_word' id='word_1_60' title='bbox 1159 798 1348 840; x_wconf 84' lang='lat' dir='ltr'><strong>Helenae</strong></span> <span class='ocrx_word' id='word_1_61' title='bbox 1379 798 1556 847; x_wconf 89' lang='lat' dir='ltr'><strong>docent,</strong></span> <span class='ocrx_word' id='word_1_62' title='bbox 1595 799 1858 853; x_wconf 90' lang='lat' dir='ltr'><strong>veniamque</strong></span> 
     </span>
     <span class='ocr_line' id='line_1_9' title="bbox 409 864 1858 918; baseline 0.001 -13"><span class='ocrx_word' id='word_1_63' title='bbox 409 870 547 905; x_wconf 88' lang='lat' dir='ltr'><strong>orant.</strong></span> <span class='ocrx_word' id='word_1_64' title='bbox 607 864 667 905; x_wconf 91' lang='lat' dir='ltr'><strong>Et</strong></span> <span class='ocrx_word' id='word_1_65' title='bbox 696 864 753 905; x_wconf 89' lang='lat' dir='ltr'><strong>ad</strong></span> <span class='ocrx_word' id='word_1_66' title='bbox 784 868 1055 918; x_wconf 87' lang='lat' dir='ltr'><strong>postremum</strong></span> <span class='ocrx_word' id='word_1_67' title='bbox 1086 864 1346 905; x_wconf 87' lang='lat' dir='ltr'><strong>confirmant</strong></span> <span class='ocrx_word' id='word_1_68' title='bbox 1376 865 1484 905; x_wconf 84' lang='lat' dir='ltr'><strong>inter</strong></span> <span class='ocrx_word' id='word_1_69' title='bbox 1514 877 1562 905; x_wconf 93' lang='lat' dir='ltr'><strong>se</strong></span> <span class='ocrx_word' id='word_1_70' title='bbox 1592 865 1858 918; x_wconf 85' lang='lat' dir='ltr'><strong>proditionis</strong></span> 
     </span>
     <span class='ocr_line' id='line_1_10' title="bbox 406 930 1859 984; baseline 0.001 -14"><span class='ocrx_word' id='word_1_71' title='bbox 406 930 672 983; x_wconf 83' lang='lat' dir='ltr'><strong>pactionem.</strong></span> <span class='ocrx_word' id='word_1_72' title='bbox 733 930 848 971; x_wconf 89' lang='lat' dir='ltr'><strong>Dein</strong></span> <span class='ocrx_word' id='word_1_73' title='bbox 882 930 959 971; x_wconf 91' lang='lat' dir='ltr'><strong>ubi</strong></span> <span class='ocrx_word' id='word_1_74' title='bbox 994 935 1169 984; x_wconf 91' lang='lat' dir='ltr'><strong>tempus</strong></span> <span class='ocrx_word' id='word_1_75' title='bbox 1204 931 1349 971; x_wconf 88' lang='lat' dir='ltr'><strong>visum</strong></span> <span class='ocrx_word' id='word_1_76' title='bbox 1377 935 1457 980; x_wconf 89' lang='lat' dir='ltr'><strong>est,</strong></span> <span class='ocrx_word' id='word_1_77' title='bbox 1490 944 1591 972; x_wconf 91' lang='lat' dir='ltr'><strong>cum</strong></span> <span class='ocrx_word' id='word_1_78' title='bbox 1619 931 1783 984; x_wconf 91' lang='lat' dir='ltr'><strong>Ulysse</strong></span> <span class='ocrx_word' id='word_1_79' title='bbox 1813 936 1859 972; x_wconf 87' lang='lat' dir='ltr'><strong>et</strong></span> 
     </span>
     <span class='ocr_line' id='line_1_11' title="bbox 409 995 1861 1051; baseline 0.001 -15"><span class='ocrx_word' id='word_1_80' title='bbox 409 996 630 1037; x_wconf 87' lang='lat' dir='ltr'><strong>Diomede</strong></span> <span class='ocrx_word' id='word_1_81' title='bbox 652 996 709 1038; x_wconf 87' lang='lat' dir='ltr'><strong>ad</strong></span> <span class='ocrx_word' id='word_1_82' title='bbox 722 996 903 1050; x_wconf 89' lang='lat' dir='ltr'><strong>Trojam</strong></span> <span class='ocrx_word' id='word_1_83' title='bbox 924 997 1123 1047; x_wconf 88' lang='lat' dir='ltr'><strong>veniunt,</strong></span> <span class='ocrx_word' id='word_1_84' title='bbox 1140 997 1336 1038; x_wconf 87' lang='lat' dir='ltr'><strong>cohibito</strong></span> <span class='ocrx_word' id='word_1_85' title='bbox 1351 995 1512 1051; x_wconf 77' lang='lat' dir='ltr'><strong>Ajace‘</strong></span> <span class='ocrx_word' id='word_1_86' title='bbox 1534 999 1590 1038; x_wconf 92' lang='lat' dir='ltr'><strong>ab</strong></span> <span class='ocrx_word' id='word_1_87' title='bbox 1604 998 1760 1047; x_wconf 87' lang='lat' dir='ltr'><strong>AEnea,</strong></span> <span class='ocrx_word' id='word_1_88' title='bbox 1777 997 1861 1039; x_wconf 92' lang='lat' dir='ltr'><strong>sci-</strong></span> 
     </span>
     <span class='ocr_line' id='line_1_12' title="bbox 406 1062 1858 1117; baseline 0.003 -15"><span class='ocrx_word' id='word_1_89' title='bbox 406 1062 514 1103; x_wconf 87' lang='lat' dir='ltr'><strong>licet</strong></span> <span class='ocrx_word' id='word_1_90' title='bbox 548 1075 601 1102; x_wconf 90' lang='lat' dir='ltr'><strong>ne</strong></span> <span class='ocrx_word' id='word_1_91' title='bbox 636 1067 752 1116; x_wconf 75' lang='lat' dir='ltr'><strong>qua³</strong></span> <span class='ocrx_word' id='word_1_92' title='bbox 785 1062 958 1104; x_wconf 87' lang='lat' dir='ltr'><strong>insidiis</strong></span> <span class='ocrx_word' id='word_1_93' title='bbox 980 1064 1302 1117; x_wconf 86' lang='lat' dir='ltr'><strong>opprimeretur</strong></span> <span class='ocrx_word' id='word_1_94' title='bbox 1323 1064 1432 1105; x_wconf 68' lang='lat' dir='ltr'><strong>talis’</strong></span> <span class='ocrx_word' id='word_1_95' title='bbox 1445 1063 1526 1114; x_wconf 89' lang='lat' dir='ltr'><strong>vir,</strong></span> <span class='ocrx_word' id='word_1_96' title='bbox 1554 1077 1685 1117; x_wconf 92' lang='lat' dir='ltr'><strong>quem</strong></span> <span class='ocrx_word' id='word_1_97' title='bbox 1716 1065 1858 1106; x_wconf 90' lang='lat' dir='ltr'><strong>solum</strong></span> 
     </span>
     <span class='ocr_line' id='line_1_13' title="bbox 404 1128 1858 1184; baseline 0.002 -16"><span class='ocrx_word' id='word_1_98' title='bbox 404 1128 579 1168; x_wconf 87' lang='lat' dir='ltr'><strong>barbari</strong></span> <span class='ocrx_word' id='word_1_99' title='bbox 596 1141 686 1168; x_wconf 90' lang='lat' dir='ltr'><strong>non</strong></span> <span class='ocrx_word' id='word_1_100' title='bbox 707 1141 834 1169; x_wconf 87' lang='lat' dir='ltr'><strong>secus</strong></span> <span class='ocrx_word' id='word_1_101' title='bbox 855 1141 987 1182; x_wconf 91' lang='lat' dir='ltr'><strong>quam</strong></span> <span class='ocrx_word' id='word_1_102' title='bbox 1006 1128 1228 1170; x_wconf 88' lang='lat' dir='ltr'><strong>Achillem</strong></span> <span class='ocrx_word' id='word_1_103' title='bbox 1246 1130 1513 1170; x_wconf 84' lang='lat' dir='ltr'><strong>metuebant.</strong></span> <span class='ocrx_word' id='word_1_104' title='bbox 1577 1129 1715 1183; x_wconf 88' lang='lat' dir='ltr'><strong>Igitur</strong></span> <span class='ocrx_word' id='word_1_105' title='bbox 1734 1133 1858 1184; x_wconf 87' lang='lat' dir='ltr'><strong>post-</strong></span> 
     </span>
     <span class='ocr_line' id='line_1_14' title="bbox 405 1194 1856 1249; baseline 0.003 -15"><span class='ocrx_word' id='word_1_106' title='bbox 405 1206 537 1247; x_wconf 85' lang='lat' dir='ltr'><strong>quam</strong></span> <span class='ocrx_word' id='word_1_107' title='bbox 561 1194 701 1236; x_wconf 92' lang='lat' dir='ltr'><strong>duces</strong></span> <span class='ocrx_word' id='word_1_108' title='bbox 723 1194 872 1237; x_wconf 85' lang='lat' dir='ltr'><strong>Graeci</strong></span> <span class='ocrx_word' id='word_1_109' title='bbox 894 1195 940 1236; x_wconf 92' lang='lat' dir='ltr'><strong>in</strong></span> <span class='ocrx_word' id='word_1_110' title='bbox 964 1195 1142 1236; x_wconf 89' lang='lat' dir='ltr'><strong>civitate</strong></span> <span class='ocrx_word' id='word_1_111' title='bbox 1173 1196 1402 1249; x_wconf 90' lang='lat' dir='ltr'><strong>conspecti</strong></span> <span class='ocrx_word' id='word_1_112' title='bbox 1428 1199 1544 1245; x_wconf 86' lang='lat' dir='ltr'><strong>sunt,</strong></span> <span class='ocrx_word' id='word_1_113' title='bbox 1565 1197 1712 1237; x_wconf 91' lang='lat' dir='ltr'><strong>cuncti</strong></span> <span class='ocrx_word' id='word_1_114' title='bbox 1732 1197 1856 1238; x_wconf 89' lang='lat' dir='ltr'><strong>cives</strong></span> 
     </span>
     <span class='ocr_line' id='line_1_15' title="bbox 404 1259 1856 1316; baseline 0.003 -16"><span class='ocrx_word' id='word_1_115' title='bbox 404 1259 570 1302; x_wconf 80' lang='lat' dir='ltr'><strong>tollunt</strong></span> <span class='ocrx_word' id='word_1_116' title='bbox 591 1274 670 1315; x_wconf 87' lang='lat' dir='ltr'><strong>spe</strong></span> <span class='ocrx_word' id='word_1_117' title='bbox 703 1262 888 1312; x_wconf 87' lang='lat' dir='ltr'><strong>animos,</strong></span> <span class='ocrx_word' id='word_1_118' title='bbox 913 1261 1222 1303; x_wconf 84' lang='lat' dir='ltr'><strong>existimantes</strong></span> <span class='ocrx_word' id='word_1_119' title='bbox 1252 1261 1384 1302; x_wconf 90' lang='lat' dir='ltr'><strong>finem</strong></span> <span class='ocrx_word' id='word_1_120' title='bbox 1410 1262 1513 1303; x_wconf 88' lang='lat' dir='ltr'><strong>belli</strong></span> <span class='ocrx_word' id='word_1_121' title='bbox 1535 1266 1669 1316; x_wconf 90' lang='lat' dir='ltr'><strong>atque</strong></span> <span class='ocrx_word' id='word_1_122' title='bbox 1690 1263 1856 1304; x_wconf 90' lang='lat' dir='ltr'><strong>discor-</strong></span> 
     </span>
     <span class='ocr_line' id='line_1_16' title="bbox 404 1327 1855 1383; baseline 0.002 -16"><span class='ocrx_word' id='word_1_123' title='bbox 404 1327 589 1368; x_wconf 87' lang='lat' dir='ltr'><strong>diarum.</strong></span> <span class='ocrx_word' id='word_1_124' title='bbox 648 1327 807 1382; x_wconf 88' lang='lat' dir='ltr'><strong>Itaque</strong></span> <span class='ocrx_word' id='word_1_125' title='bbox 836 1340 1023 1381; x_wconf 88' lang='lat' dir='ltr'><strong>propere</strong></span> <span class='ocrx_word' id='word_1_126' title='bbox 1051 1331 1231 1369; x_wconf 87' lang='lat' dir='ltr'><strong>senatus</strong></span> <span class='ocrx_word' id='word_1_127' title='bbox 1251 1328 1446 1378; x_wconf 86' lang='lat' dir='ltr'><strong>habitus,</strong></span> <span class='ocrx_word' id='word_1_128' title='bbox 1468 1328 1544 1369; x_wconf 88' lang='lat' dir='ltr'><strong>ubi</strong></span> <span class='ocrx_word' id='word_1_129' title='bbox 1563 1328 1721 1370; x_wconf 88' lang='lat' dir='ltr'><strong>nostris</strong></span> <span class='ocrx_word' id='word_1_130' title='bbox 1739 1341 1855 1383; x_wconf 87' lang='lat' dir='ltr'><strong>prae-</strong></span> 
     </span>
     <span class='ocr_line' id='line_1_17' title="bbox 404 1393 1855 1447; baseline 0.002 -13"><span class='ocrx_word' id='word_1_131' title='bbox 404 1394 606 1435; x_wconf 81' lang='lat' dir='ltr'><strong>sentibus</strong></span> <span class='ocrx_word' id='word_1_132' title='bbox 625 1394 888 1444; x_wconf 90' lang='lat' dir='ltr'><strong>decernitur,</strong></span> <span class='ocrx_word' id='word_1_133' title='bbox 910 1394 1097 1447; x_wconf 90' lang='lat' dir='ltr'><strong>primum</strong></span> <span class='ocrx_word' id='word_1_134' title='bbox 1116 1394 1308 1436; x_wconf 87' lang='lat' dir='ltr'><strong>omnium</strong></span> <span class='ocrx_word' id='word_1_135' title='bbox 1330 1393 1644 1436; x_wconf 85' lang='lat' dir='ltr'><strong>Antimachum</strong></span> <span class='ocrx_word' id='word_1_136' title='bbox 1660 1407 1720 1436; x_wconf 86' lang='lat' dir='ltr'><strong>ex</strong></span> <span class='ocrx_word' id='word_1_137' title='bbox 1736 1397 1855 1437; x_wconf 88' lang='lat' dir='ltr'><strong>omni</strong></span> 
     </span>
     <span class='ocr_line' id='line_1_18' title="bbox 404 1460 1854 1514; baseline 0.002 -14"><span class='ocrx_word' id='word_1_138' title='bbox 404 1460 599 1514; x_wconf 86' lang='lat' dir='ltr'><strong>Phrygia</strong></span> <span class='ocrx_word' id='word_1_139' title='bbox 628 1460 925 1510; x_wconf 81' lang='lat' dir='ltr'><strong>exulandum,t</strong></span> <span class='ocrx_word' id='word_1_140' title='bbox 961 1460 1130 1502; x_wconf 88' lang='lat' dir='ltr'><strong>scilicet</strong></span> <span class='ocrx_word' id='word_1_141' title='bbox 1161 1466 1382 1501; x_wconf 86' lang='lat' dir='ltr'><strong>auctorem</strong></span> <span class='ocrx_word' id='word_1_142' title='bbox 1413 1461 1518 1502; x_wconf 84' lang='lat' dir='ltr'><strong>tanti</strong></span> <span class='ocrx_word' id='word_1_143' title='bbox 1558 1461 1678 1503; x_wconf 91' lang='lat' dir='ltr'><strong>mali.</strong></span> <span class='ocrx_word' id='word_1_144' title='bbox 1737 1462 1854 1503; x_wconf 87' lang='lat' dir='ltr'><strong>Dein</strong></span> 
     </span>
     <span class='ocr_line' id='line_1_19' title="bbox 404 1527 1853 1582; baseline 0.002 -15"><span class='ocrx_word' id='word_1_145' title='bbox 404 1539 536 1580; x_wconf 87' lang='lat' dir='ltr'><strong>super</strong></span> <span class='ocrx_word' id='word_1_146' title='bbox 571 1527 822 1569; x_wconf 90' lang='lat' dir='ltr'><strong>conditione</strong></span> <span class='ocrx_word' id='word_1_147' title='bbox 852 1528 978 1580; x_wconf 87' lang='lat' dir='ltr'><strong>pacis</strong></span> <span class='ocrx_word' id='word_1_148' title='bbox 1011 1527 1187 1568; x_wconf 74' lang='lat' dir='ltr'><strong>tractari</strong></span> <span class='ocrx_word' id='word_1_149' title='bbox 1209 1531 1417 1580; x_wconf 89' lang='lat' dir='ltr'><strong>coeptum.</strong></span> <span class='ocrx_word' id='word_1_150' title='bbox 1477 1527 1557 1580; x_wconf 84' lang='grc'>[5.]</span> <span class='ocrx_word' id='word_1_151' title='bbox 1599 1527 1723 1570; x_wconf 89' lang='lat' dir='ltr'><strong>Inter</strong></span> <span class='ocrx_word' id='word_1_152' title='bbox 1754 1541 1853 1582; x_wconf 85' lang='lat' dir='ltr'><strong>quae</strong></span> 
     </span>
     <span class='ocr_line' id='line_1_20' title="bbox 401 1594 1852 1648; baseline 0.001 -14"><span class='ocrx_word' id='word_1_153' title='bbox 401 1599 580 1646; x_wconf 89' lang='lat' dir='ltr'><strong>repente</strong></span> <span class='ocrx_word' id='word_1_154' title='bbox 600 1595 808 1648; x_wconf 87' lang='lat' dir='ltr'><strong>strepitus</strong></span> <span class='ocrx_word' id='word_1_155' title='bbox 830 1608 888 1635; x_wconf 85' lang='lat' dir='ltr'><strong>ex</strong></span> <span class='ocrx_word' id='word_1_156' title='bbox 911 1595 1142 1648; x_wconf 87' lang='lat' dir='ltr'><strong>Pergamo,</strong></span> <span class='ocrx_word' id='word_1_157' title='bbox 1165 1595 1238 1635; x_wconf 90' lang='lat' dir='ltr'><strong>ubi</strong></span> <span class='ocrx_word' id='word_1_158' title='bbox 1259 1595 1379 1647; x_wconf 87' lang='lat' dir='ltr'><strong>regia</strong></span> <span class='ocrx_word' id='word_1_159' title='bbox 1400 1594 1565 1636; x_wconf 90' lang='lat' dir='ltr'><strong>Priami</strong></span> <span class='ocrx_word' id='word_1_160' title='bbox 1579 1600 1597 1617; x_wconf 81' lang='lat'><strong>¹¹</strong></span> <span class='ocrx_word' id='word_1_161' title='bbox 1631 1599 1740 1646; x_wconf 89' lang='lat' dir='ltr'><strong>erat,</strong></span> <span class='ocrx_word' id='word_1_162' title='bbox 1762 1595 1852 1637; x_wconf 90' lang='lat' dir='ltr'><strong>cla-</strong></span> 
     </span>
     <span class='ocr_line' id='line_1_21' title="bbox 400 1660 1850 1714; baseline 0.001 -13"><span class='ocrx_word' id='word_1_163' title='bbox 400 1673 581 1714; x_wconf 90' lang='lat' dir='ltr'><strong>morque</strong></span> <span class='ocrx_word' id='word_1_164' title='bbox 602 1663 752 1714; x_wconf 83' lang='lat' dir='ltr'><strong>ingens</strong></span> <span class='ocrx_word' id='word_1_165' title='bbox 773 1661 933 1703; x_wconf 87' lang='lat' dir='ltr'><strong>editur.</strong></span> <span class='ocrx_word' id='word_1_166' title='bbox 979 1660 1083 1711; x_wconf 81' lang='lat' dir='ltr'><strong>Qua</strong></span> <span class='ocrx_word' id='word_1_167' title='bbox 1102 1673 1147 1702; x_wconf 89' lang='lat' dir='ltr'><strong>re</strong></span> <span class='ocrx_word' id='word_1_168' title='bbox 1168 1661 1328 1702; x_wconf 86' lang='lat' dir='ltr'><strong>turbati</strong></span> <span class='ocrx_word' id='word_1_169' title='bbox 1350 1660 1424 1714; x_wconf 92' lang='lat' dir='ltr'><strong>qui</strong></span> <span class='ocrx_word' id='word_1_170' title='bbox 1444 1661 1489 1701; x_wconf 91' lang='lat' dir='ltr'><strong>in</strong></span> <span class='ocrx_word' id='word_1_171' title='bbox 1508 1661 1694 1703; x_wconf 88' lang='lat' dir='ltr'><strong>consilio</strong></span> <span class='ocrx_word' id='word_1_172' title='bbox 1713 1667 1850 1712; x_wconf 84' lang='lat' dir='ltr'><strong>erant,</strong></span> 
     </span>
     <span class='ocr_line' id='line_1_22' title="bbox 400 1727 1852 1782; baseline 0.001 -15"><span class='ocrx_word' id='word_1_173' title='bbox 400 1727 519 1768; x_wconf 83' lang='lat' dir='ltr'><strong>foras</strong></span> <span class='ocrx_word' id='word_1_174' title='bbox 541 1728 791 1782; x_wconf 89' lang='lat' dir='ltr'><strong>prosiliunt,</strong></span> <span class='ocrx_word' id='word_1_175' title='bbox 813 1729 1041 1769; x_wconf 86' lang='lat' dir='ltr'><strong>credentes</strong></span> <span class='ocrx_word' id='word_1_176' title='bbox 1063 1729 1248 1769; x_wconf 80' lang='lat' dir='ltr'><strong>insidias</strong></span> <span class='ocrx_word' id='word_1_177' title='bbox 1269 1732 1462 1769; x_wconf 87' lang='lat' dir='ltr'><strong>tentatas</strong></span> <span class='ocrx_word' id='word_1_178' title='bbox 1492 1727 1622 1768; x_wconf 88' lang='lat' dir='ltr'><strong>solito</strong></span> <span class='ocrx_word' id='word_1_179' title='bbox 1640 1733 1658 1748; x_wconf 69' lang='lat' dir='ltr'>V</span> <span class='ocrx_word' id='word_1_180' title='bbox 1678 1741 1705 1770; x_wconf 91' lang='lat' dir='ltr'><strong>a</strong></span> <span class='ocrx_word' id='word_1_181' title='bbox 1723 1741 1852 1781; x_wconf 89' lang='lat' dir='ltr'><strong>regu-</strong></span> 
     </span>
     <span class='ocr_line' id='line_1_23' title="bbox 401 1793 1852 1849; baseline 0.003 -17"><span class='ocrx_word' id='word_1_182' title='bbox 401 1793 470 1834; x_wconf 89' lang='lat' dir='ltr'><strong>lis.</strong></span> <span class='ocrx_word' id='word_1_183' title='bbox 532 1793 691 1848; x_wconf 89' lang='lat' dir='ltr'><strong>Itaque</strong></span> <span class='ocrx_word' id='word_1_184' title='bbox 720 1795 763 1835; x_wconf 91' lang='lat' dir='ltr'><strong>in</strong></span> <span class='ocrx_word' id='word_1_185' title='bbox 788 1795 999 1849; x_wconf 88' lang='lat' dir='ltr'><strong>templum</strong></span> <span class='ocrx_word' id='word_1_186' title='bbox 1019 1795 1232 1836; x_wconf 70' lang='lat' dir='ltr'><strong>Minervae</strong></span> <span class='ocrx_word' id='word_1_187' title='bbox 1254 1806 1441 1848; x_wconf 88' lang='lat' dir='ltr'><strong>propere</strong></span> <span class='ocrx_word' id='word_1_188' title='bbox 1463 1793 1728 1836; x_wconf 89' lang='lat' dir='ltr'><strong>concedunt.</strong></span> <span class='ocrx_word' id='word_1_189' title='bbox 1786 1794 1852 1836; x_wconf 89' lang='lat' dir='ltr'><strong>At</strong></span> 
     </span>
     <span class='ocr_line' id='line_1_24' title="bbox 399 1860 1849 1915; baseline 0.001 -15"><span class='ocrx_word' id='word_1_190' title='bbox 399 1860 550 1912; x_wconf 87' lang='lat' dir='ltr'><strong>paullo</strong></span> <span class='ocrx_word' id='word_1_191' title='bbox 572 1865 691 1914; x_wconf 88' lang='lat' dir='ltr'><strong>post,</strong></span> <span class='ocrx_word' id='word_1_192' title='bbox 714 1874 772 1902; x_wconf 83' lang='lat' dir='ltr'><strong>ex</strong></span> <span class='ocrx_word' id='word_1_193' title='bbox 800 1862 869 1902; x_wconf 90' lang='lat' dir='ltr'><strong>his</strong></span> <span class='ocrx_word' id='word_1_194' title='bbox 890 1863 967 1915; x_wconf 90' lang='lat' dir='ltr'><strong>qui</strong></span> <span class='ocrx_word' id='word_1_195' title='bbox 988 1875 1046 1903; x_wconf 84' lang='lat' dir='ltr'><strong>ex</strong></span> <span class='ocrx_word' id='word_1_196' title='bbox 1074 1874 1174 1902; x_wconf 86' lang='lat' dir='ltr'><strong>arce</strong></span> <span class='ocrx_word' id='word_1_197' title='bbox 1196 1861 1529 1910; x_wconf 88' lang='lat' dir='ltr'><strong>descenderant,</strong></span> <span class='ocrx_word' id='word_1_198' title='bbox 1549 1861 1849 1914; x_wconf 88' lang='lat' dir='ltr'><strong>cognoscitur,</strong></span> 
     </span>
     <span class='ocr_line' id='line_1_25' title="bbox 401 1926 1847 1982; baseline 0.002 -17"><span class='ocrx_word' id='word_1_199' title='bbox 401 1926 642 1968; x_wconf 83' lang='lat' dir='ltr'><strong>Alexandri</strong></span> <span class='ocrx_word' id='word_1_200' title='bbox 665 1928 796 1977; x_wconf 81' lang='lat' dir='ltr'><strong>filios,</strong></span> <span class='ocrx_word' id='word_1_201' title='bbox 820 1941 931 1982; x_wconf 91' lang='lat' dir='ltr'><strong>quos</strong></span> <span class='ocrx_word' id='word_1_202' title='bbox 951 1941 1008 1968; x_wconf 82' lang='lat' dir='ltr'><strong>ex</strong></span> <span class='ocrx_word' id='word_1_203' title='bbox 1033 1928 1207 1968; x_wconf 88' lang='lat' dir='ltr'><strong>Helena</strong></span> <span class='ocrx_word' id='word_1_204' title='bbox 1234 1932 1505 1980; x_wconf 86' lang='lat' dir='ltr'><strong>susceperat,</strong></span> <span class='ocrx_word' id='word_1_205' title='bbox 1533 1939 1637 1967; x_wconf 90' lang='lat' dir='ltr'><strong>casu</strong></span> <span class='ocrx_word' id='word_1_206' title='bbox 1660 1939 1847 1968; x_wconf 85' lang='lat' dir='ltr'><strong>camerae</strong></span> 
     </span>
     <span class='ocr_line' id='line_1_26' title="bbox 400 1992 1849 2048; baseline 0.002 -16"><span class='ocrx_word' id='word_1_207' title='bbox 400 1993 642 2035; x_wconf 85' lang='lat' dir='ltr'><strong>extinctos:</strong></span> <span class='ocrx_word' id='word_1_208' title='bbox 674 1994 805 2048; x_wconf 88' lang='lat' dir='ltr'><strong>hique</strong></span> <span class='ocrx_word' id='word_1_209' title='bbox 823 2000 946 2035; x_wconf 84' lang='lat' dir='ltr'><strong>erant</strong></span> <span class='ocrx_word' id='word_1_210' title='bbox 970 1995 1211 2043; x_wconf 89' lang='lat' dir='ltr'><strong>Bunomus,</strong></span> <span class='ocrx_word' id='word_1_211' title='bbox 1233 1993 1475 2047; x_wconf 85' lang='lat' dir='ltr'><strong>Corythus,</strong></span> <span class='ocrx_word' id='word_1_212' title='bbox 1498 1997 1632 2046; x_wconf 84' lang='lat' dir='ltr'><strong>atque</strong></span> <span class='ocrx_word' id='word_1_213' title='bbox 1656 1992 1849 2035; x_wconf 78' lang='lat' dir='ltr'><strong>Idaeus.W</strong></span> 
     </span>
    </p>
   </div>
   <div class='ocr_carea' id='block_1_3' title="bbox 1054 2133 1193 2165">
    <p class='ocr_par' dir='ltr' id='par_1_3' title="bbox 1054 2133 1193 2165">
     <span class='ocr_line' id='line_1_27' title="bbox 1054 2133 1193 2165; baseline 0 0"><span class='ocrx_word' id='word_1_214' title='bbox 1054 2135 1083 2165; x_wconf 92' lang='lat' dir='ltr'>N</span> <span class='ocrx_word' id='word_1_215' title='bbox 1090 2133 1193 2165; x_wconf 82' lang='lat' dir='ltr'><strong>OTAE</strong></span> 
     </span>
    </p>
   </div>
   <div class='ocr_carea' id='block_1_4' title="bbox 1147 2229 1845 2320">
    <p class='ocr_par' dir='ltr' id='par_1_4' title="bbox 1147 2229 1845 2320">
     <span class='ocr_line' id='line_1_28' title="bbox 1190 2229 1845 2271; baseline 0.002 -11"><span class='ocrx_word' id='word_1_216' title='bbox 1190 2236 1203 2250; x_wconf 76' lang='lat'><strong>¹¹</strong></span> <span class='ocrx_word' id='word_1_217' title='bbox 1232 2231 1283 2261; x_wconf 75' lang='lat' dir='ltr'><strong>Ex</strong></span> <span class='ocrx_word' id='word_1_218' title='bbox 1311 2231 1480 2269; x_wconf 83' lang='lat' dir='ltr'><strong>Pergamo,</strong></span> <span class='ocrx_word' id='word_1_219' title='bbox 1508 2230 1561 2261; x_wconf 79' lang='lat' dir='ltr'><strong>ubi</strong></span> <span class='ocrx_word' id='word_1_220' title='bbox 1591 2229 1680 2269; x_wconf 79' lang='lat' dir='ltr'><strong>regia</strong></span> <span class='ocrx_word' id='word_1_221' title='bbox 1706 2229 1845 2271; x_wconf 79' lang='lat' dir='ltr'><strong>Priami]</strong></span> 
     </span>
     <span class='ocr_line' id='line_1_29' title="bbox 1147 2279 1844 2320; baseline 0.001 -11"><span class='ocrx_word' id='word_1_222' title='bbox 1147 2280 1238 2310; x_wconf 86' lang='lat' dir='ltr'><strong>Hinc</strong></span> <span class='ocrx_word' id='word_1_223' title='bbox 1270 2279 1526 2318; x_wconf 74' lang='lat' dir='ltr'><strong>intelligendum</strong></span> <span class='ocrx_word' id='word_1_224' title='bbox 1556 2279 1640 2310; x_wconf 86' lang='lat' dir='ltr'><strong>illud</strong></span> <span class='ocrx_word' id='word_1_225' title='bbox 1669 2279 1766 2320; x_wconf 85' lang='lat' dir='ltr'><strong>Virg.</strong></span> <span class='ocrx_word' id='word_1_226' title='bbox 1803 2288 1844 2311; x_wconf 87' lang='lat'><strong>11.</strong></span> 
     </span>
    </p>
   </div>
   <div class='ocr_carea' id='block_1_5' title="bbox 400 2227 1093 2320">
    <p class='ocr_par' dir='ltr' id='par_1_5' title="bbox 400 2227 1093 2320">
     <span class='ocr_line' id='line_1_30' title="bbox 442 2227 1093 2270; baseline 0.003 -12"><span class='ocrx_word' id='word_1_227' title='bbox 442 2233 457 2253; x_wconf 77' lang='lat'><strong>‘1</strong></span> <span class='ocrx_word' id='word_1_228' title='bbox 482 2227 561 2259; x_wconf 79' lang='lat' dir='ltr'><strong>Cum</strong></span> <span class='ocrx_word' id='word_1_229' title='bbox 575 2228 685 2269; x_wconf 79' lang='lat' dir='ltr'><strong>quibus</strong></span> <span class='ocrx_word' id='word_1_230' title='bbox 699 2230 805 2270; x_wconf 79' lang='lat' dir='ltr'><strong>antea]</strong></span> <span class='ocrx_word' id='word_1_231' title='bbox 828 2230 938 2261; x_wconf 79' lang='lat' dir='ltr'><strong>Series</strong></span> <span class='ocrx_word' id='word_1_232' title='bbox 952 2235 1015 2264; x_wconf 85' lang='lat' dir='ltr'><strong>est,</strong></span> <span class='ocrx_word' id='word_1_233' title='bbox 1032 2230 1040 2246; x_wconf 86' lang='lat'>‘</span> <span class='ocrx_word' id='word_1_234' title='bbox 1052 2230 1093 2260; x_wconf 86' lang='lat' dir='ltr'><strong>ad</strong></span> 
     </span>
     <span class='ocr_line' id='line_1_31' title="bbox 400 2276 1093 2320; baseline 0.003 -12"><span class='ocrx_word' id='word_1_235' title='bbox 400 2276 629 2309; x_wconf 84' lang='lat' dir='ltr'><strong>confirmanda</strong></span> <span class='ocrx_word' id='word_1_236' title='bbox 658 2288 733 2320; x_wconf 87' lang='lat' dir='ltr'><strong>quae</strong></span> <span class='ocrx_word' id='word_1_237' title='bbox 762 2286 895 2320; x_wconf 86' lang='lat' dir='ltr'><strong>tempus</strong></span> <span class='ocrx_word' id='word_1_238' title='bbox 925 2280 1093 2318; x_wconf 79' lang='lat' dir='ltr'><strong>monebat,</strong></span> 
     </span>
    </p>
   </div>
   <div class='ocr_carea' id='block_1_6' title="bbox 396 2328 1093 2855">
    <p class='ocr_par' dir='ltr' id='par_1_6' title="bbox 399 2328 1070 2371">
     <span class='ocr_line' id='line_1_32' title="bbox 399 2328 1070 2371; baseline 0.004 -13"><span class='ocrx_word' id='word_1_239' title='bbox 399 2328 564 2360; x_wconf 85' lang='lat' dir='ltr'><strong>secedunt</strong></span> <span class='ocrx_word' id='word_1_240' title='bbox 580 2338 654 2360; x_wconf 88' lang='lat' dir='ltr'><strong>cum</strong></span> <span class='ocrx_word' id='word_1_241' title='bbox 673 2330 790 2361; x_wconf 88' lang='lat' dir='ltr'><strong>iisdem</strong></span> <span class='ocrx_word' id='word_1_242' title='bbox 808 2331 929 2371; x_wconf 82' lang='lat' dir='ltr'><strong>quibus</strong></span> <span class='ocrx_word' id='word_1_243' title='bbox 946 2330 1070 2361; x_wconf 59' lang='lat' dir='ltr'><strong>antea?</strong></span> 
     </span>
    </p>

    <p class='ocr_par' dir='ltr' id='par_1_7' title="bbox 396 2378 1092 2467">
     <span class='ocr_line' id='line_1_33' title="bbox 443 2378 1092 2421; baseline 0.005 -14"><span class='ocrx_word' id='word_1_244' title='bbox 443 2381 455 2397; x_wconf 57' lang='grc' dir='ltr'><strong>Γ</strong></span> <span class='ocrx_word' id='word_1_245' title='bbox 477 2378 619 2410; x_wconf 77' lang='lat' dir='ltr'><strong>cohibito</strong></span> <span class='ocrx_word' id='word_1_246' title='bbox 643 2380 756 2421; x_wconf 78' lang='lat' dir='ltr'><strong>Ajace]</strong></span> <span class='ocrx_word' id='word_1_247' title='bbox 796 2381 849 2412; x_wconf 92' lang='lat' dir='ltr'><strong>Ne</strong></span> <span class='ocrx_word' id='word_1_248' title='bbox 879 2390 953 2412; x_wconf 90' lang='lat' dir='ltr'><strong>cum</strong></span> <span class='ocrx_word' id='word_1_249' title='bbox 982 2381 1021 2412; x_wconf 84' lang='lat' dir='ltr'><strong>iis</strong></span> <span class='ocrx_word' id='word_1_250' title='bbox 1050 2380 1092 2411; x_wconf 80' lang='lat' dir='ltr'><strong>ad</strong></span> 
     </span>
     <span class='ocr_line' id='line_1_34' title="bbox 396 2426 628 2467; baseline 0.013 -10"><span class='ocrx_word' id='word_1_251' title='bbox 396 2426 532 2467; x_wconf 73' lang='lat' dir='ltr'><strong>&#39;frojam</strong></span> <span class='ocrx_word' id='word_1_252' title='bbox 550 2428 628 2460; x_wconf 86' lang='lat' dir='ltr'><strong>iret.</strong></span> 
     </span>
    </p>

    <p class='ocr_par' dir='ltr' id='par_1_8' title="bbox 440 2477 840 2518">
     <span class='ocr_line' id='line_1_35' title="bbox 440 2477 840 2518; baseline 0.01 -12"><span class='ocrx_word' id='word_1_253' title='bbox 440 2481 451 2495; x_wconf 74' lang='lat'><strong>⁸</strong></span> <span class='ocrx_word' id='word_1_254' title='bbox 475 2477 525 2507; x_wconf 87' lang='lat' dir='ltr'><strong>Ne</strong></span> <span class='ocrx_word' id='word_1_255' title='bbox 539 2477 614 2518; x_wconf 80' lang='lat' dir='ltr'><strong>qua]</strong></span> <span class='ocrx_word' id='word_1_256' title='bbox 638 2478 758 2518; x_wconf 81' lang='lat' dir='ltr'><strong>Deest,</strong></span> <span class='ocrx_word' id='word_1_257' title='bbox 774 2480 840 2510; x_wconf 87' lang='lat' dir='ltr'><strong>via.</strong></span> 
     </span>
    </p>

    <p class='ocr_par' dir='ltr' id='par_1_9' title="bbox 396 2526 1093 2855">
     <span class='ocr_line' id='line_1_36' title="bbox 439 2526 1093 2568; baseline 0.006 -13"><span class='ocrx_word' id='word_1_258' title='bbox 439 2526 449 2544; x_wconf 77' lang='lat'>¹</span> <span class='ocrx_word' id='word_1_259' title='bbox 472 2526 689 2567; x_wconf 68' lang='lat' dir='ltr'><strong>Est-zelandum]</strong></span> <span class='ocrx_word' id='word_1_260' title='bbox 712 2528 811 2568; x_wconf 84' lang='lat' dir='ltr'><strong>Apud</strong></span> <span class='ocrx_word' id='word_1_261' title='bbox 835 2528 918 2559; x_wconf 85' lang='lat' dir='ltr'><strong>alios</strong></span> <span class='ocrx_word' id='word_1_262' title='bbox 934 2526 1006 2559; x_wconf 87' lang='lat' dir='ltr'><strong>fere</strong></span> <span class='ocrx_word' id='word_1_263' title='bbox 1023 2537 1093 2559; x_wconf 92' lang='lat' dir='ltr'><strong>om-</strong></span> 
     </span>
     <span class='ocr_line' id='line_1_37' title="bbox 397 2577 1092 2617; baseline 0.004 -12"><span class='ocrx_word' id='word_1_264' title='bbox 397 2584 458 2606; x_wconf 86' lang='lat' dir='ltr'><strong>nes</strong></span> <span class='ocrx_word' id='word_1_265' title='bbox 489 2584 624 2616; x_wconf 79' lang='lat' dir='ltr'><strong>semper</strong></span> <span class='ocrx_word' id='word_1_266' title='bbox 655 2577 828 2617; x_wconf 81' lang='lat' dir='ltr'><strong>invenias3</strong></span> <span class='ocrx_word' id='word_1_267' title='bbox 866 2577 989 2608; x_wconf 87' lang='lat' dir='ltr'><strong>‘domo</strong></span> <span class='ocrx_word' id='word_1_268' title='bbox 1018 2587 1092 2608; x_wconf 84' lang='lat' dir='ltr'><strong>mea</strong></span> 
     </span>
     <span class='ocr_line' id='line_1_38' title="bbox 397 2623 1093 2666; baseline 0.004 -13"><span class='ocrx_word' id='word_1_269' title='bbox 397 2623 510 2658; x_wconf 86' lang='lat' dir='ltr'><strong>exulo,</strong></span> <span class='ocrx_word' id='word_1_270' title='bbox 539 2625 656 2656; x_wconf 83' lang='lat' dir='ltr'><strong>exulat</strong></span> <span class='ocrx_word' id='word_1_271' title='bbox 692 2626 814 2666; x_wconf 66' lang='lat' dir='ltr'><strong>pater!</strong></span> <span class='ocrx_word' id='word_1_272' title='bbox 857 2627 923 2658; x_wconf 87' lang='lat' dir='ltr'><strong>Sed</strong></span> <span class='ocrx_word' id='word_1_273' title='bbox 959 2636 1093 2666; x_wconf 77' lang='lat' dir='ltr'><strong>semper</strong></span> 
     </span>
     <span class='ocr_line' id='line_1_39' title="bbox 396 2673 1092 2717; baseline 0.006 -14"><span class='ocrx_word' id='word_1_274' title='bbox 396 2673 493 2704; x_wconf 86' lang='lat' dir='ltr'><strong>deest</strong></span> <span class='ocrx_word' id='word_1_275' title='bbox 508 2676 722 2706; x_wconf 77' lang='lat' dir='ltr'><strong>accusativus</strong></span> <span class='ocrx_word' id='word_1_276' title='bbox 737 2681 921 2717; x_wconf 87' lang='lat' dir='ltr'><strong>cognatus;</strong></span> <span class='ocrx_word' id='word_1_277' title='bbox 955 2678 1092 2708; x_wconf 78' lang='lat' dir='ltr'><strong>exulare</strong></span> 
     </span>
     <span class='ocr_line' id='line_1_40' title="bbox 397 2722 1092 2767; baseline 0.01 -16"><span class='ocrx_word' id='word_1_278' title='bbox 397 2722 485 2753; x_wconf 86' lang='lat' dir='ltr'><strong>enim</strong></span> <span class='ocrx_word' id='word_1_279' title='bbox 503 2724 649 2755; x_wconf 81' lang='lat' dir='ltr'><strong>activum</strong></span> <span class='ocrx_word' id='word_1_280' title='bbox 672 2730 737 2763; x_wconf 84' lang='lat' dir='ltr'><strong>est,</strong></span> <span class='ocrx_word' id='word_1_281' title='bbox 752 2732 788 2758; x_wconf 79' lang='lat' dir='ltr'><strong>ut</strong></span> <span class='ocrx_word' id='word_1_282' title='bbox 811 2732 904 2757; x_wconf 86' lang='lat' dir='ltr'><strong>recte</strong></span> <span class='ocrx_word' id='word_1_283' title='bbox 921 2727 986 2766; x_wconf 84' lang='lat' dir='ltr'><strong>hic,</strong></span> <span class='ocrx_word' id='word_1_284' title='bbox 1002 2728 1092 2767; x_wconf 85' lang='lat' dir='ltr'><strong>apud</strong></span> 
     </span>
     <span class='ocr_line' id='line_1_41' title="bbox 396 2772 1093 2813; baseline 0.01 -12"><span class='ocrx_word' id='word_1_285' title='bbox 396 2772 539 2812; x_wconf 76' lang='lat' dir='ltr'><strong>Dictyn.</strong></span> <span class='ocrx_word' id='word_1_286' title='bbox 585 2774 629 2805; x_wconf 82' lang='lat' dir='ltr'><strong>Et</strong></span> <span class='ocrx_word' id='word_1_287' title='bbox 646 2774 772 2813; x_wconf 72' lang='lat' dir='ltr'><strong>Hygia.</strong></span> <span class='ocrx_word' id='word_1_288' title='bbox 789 2775 856 2808; x_wconf 81' lang='lat' dir='ltr'><strong>fab.</strong></span> <span class='ocrx_word' id='word_1_289' title='bbox 870 2779 921 2808; x_wconf 76' lang='grc'><strong>26.</strong></span> <span class='ocrx_word' id='word_1_290' title='bbox 944 2778 952 2794; x_wconf 91' lang='lat'>‘</span> <span class='ocrx_word' id='word_1_291' title='bbox 967 2776 1093 2808; x_wconf 80' lang='lat' dir='ltr'><strong>Medea</strong></span> 
     </span>
     <span class='ocr_line' id='line_1_42' title="bbox 396 2823 711 2855; baseline 0.019 -6"><span class='ocrx_word' id='word_1_292' title='bbox 396 2826 516 2853; x_wconf 72' lang='lat' dir='ltr'><strong>iterum</strong></span> <span class='ocrx_word' id='word_1_293' title='bbox 532 2823 711 2855; x_wconf 67' lang='lat' dir='ltr'><strong>exulatus!</strong></span> 
     </span>
    </p>
   </div>
   <div class='ocr_carea' id='block_1_7' title="bbox 1144 2327 1846 2865">
    <p class='ocr_par' dir='ltr' id='par_1_10' title="bbox 1144 2327 1846 2663">
     <span class='ocr_line' id='line_1_43' title="bbox 1146 2327 1845 2366; baseline 0.003 -7"><span class='ocrx_word' id='word_1_294' title='bbox 1146 2328 1222 2359; x_wconf 81' lang='lat' dir='ltr'><strong>AEn.</strong></span> <span class='ocrx_word' id='word_1_295' title='bbox 1254 2329 1262 2344; x_wconf 88' lang='lat'>‘</span> <span class='ocrx_word' id='word_1_296' title='bbox 1278 2328 1362 2359; x_wconf 87' lang='lat' dir='ltr'><strong>Haec</strong></span> <span class='ocrx_word' id='word_1_297' title='bbox 1378 2327 1452 2358; x_wconf 80' lang='lat' dir='ltr'><strong>finis</strong></span> <span class='ocrx_word' id='word_1_298' title='bbox 1469 2329 1596 2359; x_wconf 81' lang='lat' dir='ltr'><strong>Priami</strong></span> <span class='ocrx_word' id='word_1_299' title='bbox 1613 2327 1772 2366; x_wconf 67' lang='lat' dir='ltr'><strong>fatorum,</strong></span> <span class='ocrx_word' id='word_1_300' title='bbox 1788 2329 1845 2361; x_wconf 87' lang='lat' dir='ltr'><strong>hic</strong></span> 
     </span>
     <span class='ocr_line' id='line_1_44' title="bbox 1146 2377 1846 2418; baseline 0.003 -11"><span class='ocrx_word' id='word_1_301' title='bbox 1146 2377 1257 2407; x_wconf 78' lang='lat' dir='ltr'><strong>exitus</strong></span> <span class='ocrx_word' id='word_1_302' title='bbox 1273 2377 1366 2407; x_wconf 84' lang='lat' dir='ltr'><strong>illum</strong></span> <span class='ocrx_word' id='word_1_303' title='bbox 1392 2377 1493 2408; x_wconf 83' lang='lat' dir='ltr'><strong>Sorte</strong></span> <span class='ocrx_word' id='word_1_304' title='bbox 1521 2377 1613 2415; x_wconf 82' lang='lat' dir='ltr'><strong>tulit,</strong></span> <span class='ocrx_word' id='word_1_305' title='bbox 1635 2377 1772 2418; x_wconf 85' lang='lat' dir='ltr'><strong>Trojam</strong></span> <span class='ocrx_word' id='word_1_306' title='bbox 1796 2378 1846 2409; x_wconf 82' lang='lat' dir='ltr'><strong>in·</strong></span> 
     </span>
     <span class='ocr_line' id='line_1_45' title="bbox 1145 2425 1844 2467; baseline 0 -10"><span class='ocrx_word' id='word_1_307' title='bbox 1145 2435 1281 2457; x_wconf 78' lang='lat' dir='ltr'><strong>censam</strong></span> <span class='ocrx_word' id='word_1_308' title='bbox 1299 2431 1334 2456; x_wconf 77' lang='lat' dir='ltr'><strong>et</strong></span> <span class='ocrx_word' id='word_1_309' title='bbox 1352 2426 1508 2466; x_wconf 83' lang='lat' dir='ltr'><strong>prolapsa</strong></span> <span class='ocrx_word' id='word_1_310' title='bbox 1525 2425 1696 2456; x_wconf 83' lang='lat' dir='ltr'><strong>videntem</strong></span> <span class='ocrx_word' id='word_1_311' title='bbox 1717 2427 1844 2467; x_wconf 79' lang='lat' dir='ltr'><strong>Perga-</strong></span> 
     </span>
     <span class='ocr_line' id='line_1_46' title="bbox 1145 2475 1845 2515; baseline 0.001 -9"><span class='ocrx_word' id='word_1_312' title='bbox 1145 2475 1224 2506; x_wconf 65' lang='lat' dir='ltr'><strong>ma!</strong></span> <span class='ocrx_word' id='word_1_313' title='bbox 1269 2475 1457 2514; x_wconf 83' lang='lat' dir='ltr'><strong>Pergamus</strong></span> <span class='ocrx_word' id='word_1_314' title='bbox 1474 2480 1585 2506; x_wconf 84' lang='lat' dir='ltr'><strong>autem</strong></span> <span class='ocrx_word' id='word_1_315' title='bbox 1603 2480 1678 2505; x_wconf 77' lang='lat' dir='ltr'><strong>erat</strong></span> <span class='ocrx_word' id='word_1_316' title='bbox 1693 2475 1748 2507; x_wconf 78' lang='lat' dir='ltr'><strong>nii</strong></span> <span class='ocrx_word' id='word_1_317' title='bbox 1764 2485 1845 2515; x_wconf 87' lang='lat' dir='ltr'><strong>arx;</strong></span> 
     </span>
     <span class='ocr_line' id='line_1_47' title="bbox 1146 2523 1843 2566; baseline 0 -10"><span class='ocrx_word' id='word_1_318' title='bbox 1146 2533 1251 2566; x_wconf 86' lang='lat' dir='ltr'><strong>quare</strong></span> <span class='ocrx_word' id='word_1_319' title='bbox 1267 2523 1353 2556; x_wconf 82' lang='lat' dir='ltr'><strong>infra</strong></span> <span class='ocrx_word' id='word_1_320' title='bbox 1369 2523 1463 2560; x_wconf 82' lang='lat' dir='ltr'><strong>dicit,</strong></span> <span class='ocrx_word' id='word_1_321' title='bbox 1487 2528 1496 2542; x_wconf 92' lang='lat'>‘</span> <span class='ocrx_word' id='word_1_322' title='bbox 1510 2533 1552 2554; x_wconf 87' lang='lat' dir='ltr'><strong>ex</strong></span> <span class='ocrx_word' id='word_1_323' title='bbox 1574 2524 1614 2555; x_wconf 85' lang='lat' dir='ltr'><strong>iis</strong></span> <span class='ocrx_word' id='word_1_324' title='bbox 1630 2525 1685 2564; x_wconf 89' lang='lat' dir='ltr'><strong>qui</strong></span> <span class='ocrx_word' id='word_1_325' title='bbox 1703 2534 1747 2556; x_wconf 86' lang='lat' dir='ltr'><strong>ex</strong></span> <span class='ocrx_word' id='word_1_326' title='bbox 1763 2534 1843 2557; x_wconf 85' lang='lat' dir='ltr'><strong>arce</strong></span> 
     </span>
     <span class='ocr_line' id='line_1_48' title="bbox 1145 2572 1843 2615; baseline 0 -9"><span class='ocrx_word' id='word_1_327' title='bbox 1145 2573 1415 2606; x_wconf 66' lang='lat' dir='ltr'><strong>descenderant:</strong></span> <span class='ocrx_word' id='word_1_328' title='bbox 1459 2573 1543 2605; x_wconf 86' lang='lat' dir='ltr'><strong>Inde</strong></span> <span class='ocrx_word' id='word_1_329' title='bbox 1567 2572 1729 2615; x_wconf 85' lang='lat' dir='ltr'><strong>quaelibet</strong></span> <span class='ocrx_word' id='word_1_330' title='bbox 1746 2583 1843 2607; x_wconf 82' lang='lat' dir='ltr'><strong>arces</strong></span> 
     </span>
     <span class='ocr_line' id='line_1_49' title="bbox 1144 2623 1474 2663; baseline -0.003 -8"><span class='ocrx_word' id='word_1_331' title='bbox 1144 2625 1245 2656; x_wconf 85' lang='lat' dir='ltr'><strong>dictae</strong></span> <span class='ocrx_word' id='word_1_332' title='bbox 1260 2625 1269 2641; x_wconf 89' lang='lat'>‘</span> <span class='ocrx_word' id='word_1_333' title='bbox 1285 2623 1474 2663; x_wconf 68' lang='lat' dir='ltr'><strong>Pergama!</strong></span> 
     </span>
    </p>

    <p class='ocr_par' dir='ltr' id='par_1_11' title="bbox 1188 2672 1738 2714">
     <span class='ocr_line' id='line_1_50' title="bbox 1188 2672 1738 2714; baseline -0.002 -8"><span class='ocrx_word' id='word_1_334' title='bbox 1188 2680 1201 2695; x_wconf 86' lang='lat' dir='ltr'>v</span> <span class='ocrx_word' id='word_1_335' title='bbox 1224 2674 1340 2714; x_wconf 78' lang='lat' dir='ltr'><strong>Solito]</strong></span> <span class='ocrx_word' id='word_1_336' title='bbox 1362 2673 1584 2712; x_wconf 74' lang='lat' dir='ltr'><strong>Subaudirur,</strong></span> <span class='ocrx_word' id='word_1_337' title='bbox 1599 2672 1608 2690; x_wconf 81' lang='lat'><em>‘</em></span> <span class='ocrx_word' id='word_1_338' title='bbox 1621 2674 1738 2705; x_wconf 86' lang='lat' dir='ltr'><strong>more.’</strong></span> 
     </span>
    </p>

    <p class='ocr_par' dir='ltr' id='par_1_12' title="bbox 1145 2722 1841 2865">
     <span class='ocr_line' id='line_1_51' title="bbox 1188 2722 1840 2763; baseline 0 -9"><span class='ocrx_word' id='word_1_339' title='bbox 1188 2729 1206 2743; x_wconf 72' lang='lat' dir='ltr'>W</span> <span class='ocrx_word' id='word_1_340' title='bbox 1231 2724 1402 2759; x_wconf 81' lang='lat' dir='ltr'><strong>Bunomus,</strong></span> <span class='ocrx_word' id='word_1_341' title='bbox 1421 2722 1577 2763; x_wconf 76' lang='lat' dir='ltr'><strong>Corythus</strong></span> <span class='ocrx_word' id='word_1_342' title='bbox 1603 2726 1706 2763; x_wconf 80' lang='lat' dir='ltr'><strong>atque,</strong></span> <span class='ocrx_word' id='word_1_343' title='bbox 1722 2723 1840 2762; x_wconf 81' lang='lat' dir='ltr'><strong>Idaeus]</strong></span> 
     </span>
     <span class='ocr_line' id='line_1_52' title="bbox 1145 2773 1841 2812; baseline -0.004 -5"><span class='ocrx_word' id='word_1_344' title='bbox 1145 2777 1299 2807; x_wconf 61' lang='lat' dir='ltr'><strong>Quattuor</strong></span> <span class='ocrx_word' id='word_1_345' title='bbox 1313 2778 1554 2805; x_wconf 81' lang='lat' dir='ltr'><strong>commemorat</strong></span> <span class='ocrx_word' id='word_1_346' title='bbox 1565 2773 1716 2807; x_wconf 74' lang='lat' dir='ltr'><strong>Tzetzes,</strong></span> <span class='ocrx_word' id='word_1_347' title='bbox 1729 2774 1762 2803; x_wconf 85' lang='lat' dir='ltr'><strong>in</strong></span> <span class='ocrx_word' id='word_1_348' title='bbox 1778 2774 1841 2812; x_wconf 88' lang='lat' dir='ltr'><strong>Ly·</strong></span> 
     </span>
     <span class='ocr_line' id='line_1_53' title="bbox 1147 2821 1841 2865; baseline -0.004 -9"><span class='ocrx_word' id='word_1_349' title='bbox 1147 2827 1260 2865; x_wconf 75' lang='lat' dir='ltr'><strong>cophr.</strong></span> <span class='ocrx_word' id='word_1_350' title='bbox 1280 2824 1329 2862; x_wconf 81' lang='grc' dir='ltr'><strong>Ἐξ</strong></span> <span class='ocrx_word' id='word_1_351' title='bbox 1350 2823 1550 2863; x_wconf 81' lang='grc' dir='ltr'>Ἀλεξάνδρου</span> <span class='ocrx_word' id='word_1_352' title='bbox 1565 2822 1594 2854; x_wconf 83' lang='grc' dir='ltr'><strong>οἱ</strong></span> <span class='ocrx_word' id='word_1_353' title='bbox 1607 2821 1749 2855; x_wconf 81' lang='grc' dir='ltr'>πλείονές</span> <span class='ocrx_word' id='word_1_354' title='bbox 1763 2828 1841 2861; x_wconf 81' lang='grc' dir='ltr'><strong><em>φασι</em></strong></span> 
     </span>
    </p>
   </div>
  </div>
 </body>
</html>
