1915 3231
286 356 372 398 324
782 366 996 397 DARETJS
1032 366 1238 396 PHRYGH

289 461 498 501 ditionem
521 459 772 502 Palamedis
794 465 955 502 narrat.
1013 461 1087 502 Illi
1107 461 1291 502 moleste
1311 461 1460 503 ferunt.
1500 460 1733 513 Agamem-

287 540 376 568 non
408 527 517 568 dicit
548 539 596 567 se
633 528 817 568 moleste
847 540 936 567 non
966 526 1091 577 serre,
1128 540 1211 568 sua
1230 527 1459 569 voluntate
1490 528 1536 568 id
1564 527 1731 568 factum

287 607 397 635 esse.
456 594 629 634 Interea
648 593 912 634 Palamedes
933 606 1068 634 naves
1089 594 1415 647 comparandas
1430 598 1569 643 curat,
1585 597 1733 634 castra

287 662 437 710 munit,
451 661 638 701 turribus
661 660 918 701 circumdat.
950 661 1128 715 Trojani
1150 661 1391 702 exercitum
1408 664 1625 709 exercent,
1641 672 1733 699 mu-

287 739 383 767 rum
404 727 635 779 diligenter
661 727 920 777 resarciunt,
952 726 1113 777 fossas,
1145 732 1190 768 et
1210 728 1377 768 vallum
1400 727 1628 780 diligenter
1658 725 1734 766 ad-

288 793 409 843 dunt,
430 798 663 848 ceteraque
685 797 965 847 componunt.
1024 793 1130 847 [22]
1161 794 1403 848 Postquam
1425 794 1521 834 dies
1542 793 1642 834 anni
1658 805 1733 833 ve-

287 861 352 901 nit
371 873 460 914 quo
484 861 653 902 Hector
673 861 873 914 sepultus
892 864 973 911 est,
1001 861 1204 902 Priamus
1226 864 1271 901 et
1292 861 1481 902 Hecuba
1502 865 1544 902 et
1567 860 1734 914 Polyx-

288 941 383 975 ena,
406 929 626 982 ceterique
655 928 857 980 Trojani,
886 927 944 968 ad
974 928 1225 981 sepulcrum
1256 927 1351 981 ejus
1385 927 1567 981 profecti
1598 931 1734 968 sunau

289 993 467 1044 Quibus
490 996 648 1036 obvius
671 995 718 1034 fit
738 994 951 1042 Achilles,
972 994 1246 1048 Polyxenam
1278 995 1612 1048 contemplatur,
1642 993 1736 1046 figit

288 1062 496 1111 animum,
526 1074 672 1102 amare
695 1074 790 1101 earn
812 1061 1083 1101 vehementer
1115 1062 1269 1114 coepit.
1326 1061 1451 1101 Tunc
1473 1060 1626 1101 ardore
1656 1061 1738 1101 im-

287 1127 462 1180 pulsus,
484 1127 686 1168 odiosam
707 1128 839 1168 vitam
861 1127 905 1168 in
935 1140 1084 1168 amore
1106 1140 1366 1168 consumere
1386 1127 1538 1181 coepit,
1558 1131 1601 1168 et
1621 1139 1736 1180 aegre

288 1194 452 1235 ferebat
474 1194 695 1235 ademtum
718 1195 948 1247 imperium
970 1193 1303 1247 Agamemnoni,
1334 1194 1510 1248 sibique
1531 1194 1736 1235 Palame-

290 1262 387 1302 dem
409 1262 715 1315 praepositum.
765 1262 928 1303 Amore
950 1264 1149 1314 cogente,
1167 1261 1364 1316 Phrygio
1383 1275 1510 1303 servo
1530 1261 1734 1303 fidelissi-

288 1342 360 1369 mo
381 1329 589 1370 mandata
610 1329 687 1369 dat
706 1329 885 1369 ferenda
907 1329 964 1370 ad
990 1329 1249 1370 Hecubam:
1281 1333 1324 1369 et
1354 1329 1410 1369 ab
1441 1342 1493 1370 ea
1522 1328 1607 1369 sibi
1626 1341 1737 1370 uxo-

290 1409 381 1437 rem
402 1397 573 1449 poscit:
603 1397 687 1437 hoc
709 1397 747 1438 si
768 1396 937 1446 fecerit,
961 1410 1010 1437 se
1031 1409 1130 1436 cum
1153 1396 1247 1436 suis
1276 1394 1628 1449 Myrmidonibus
1658 1395 1737 1436 do-

289 1477 405 1504 mum
430 1463 682 1505 rediturum.
743 1462 873 1513 Quod
897 1476 995 1504 cum
1021 1464 1117 1516 ipse
1148 1462 1314 1512 fecerit,
1343 1467 1509 1503 ceteros
1531 1466 1739 1515 quoque4

290 1530 405 1570 idern
441 1531 650 1571 facturos.
711 1530 875 1570 Servus
908 1529 1220 1582 proficiscitur,
1258 1528 1312 1569 ad
1350 1528 1585 1568 Hecubam
1607 1528 1738 1577 venit,

289 1596 500 1638 mandata
521 1596 652 1638 dicit:
686 1595 880 1636 Hecuba
902 1595 1127 1649 respondit
1151 1608 1197 1635 se
1219 1594 1349 1643 velle,
1381 1594 1457 1635 sed
1488 1595 1526 1634 si
1558 1594 1736 1634 Priamo

290 1664 386 1704 viro
409 1677 490 1704 suo
521 1664 723 1716 placeat:
756 1662 861 1702 dum
891 1663 991 1715 ipsa
1021 1675 1120 1702 cum
1151 1661 1327 1702 Priamo
1349 1664 1463 1713 agat,
1492 1673 1645 1702 servus
1671 1673 1738 1701 re-

290 1730 401 1771 verti
415 1730 621 1783 jubetur:
657 1742 809 1769 servus
830 1729 951 1782 quod
988 1729 1153 1780 egisset
1181 1728 1344 1769 Achilli
1374 1728 1563 1769 nuntiat.
1620 1725 1740 1779 Aga-

290 1810 491 1838 memnon
513 1810 612 1838 cum
634 1809 791 1848 magno
814 1800 1061 1836 commeatu
1088 1796 1144 1836 ad
1177 1801 1322 1836 castra
1343 1796 1581 1835 revertitur.
1641 1793 1737 1834 He-

296 1863 412 1904 cuba
434 1875 532 1903 cum
553 1862 734 1903 Priamo
758 1862 810 1902 de
834 1861 1086 1902 conditione
1107 1859 1293 1902 Achillis
1309 1867 1326 1882 ‘⁷
1345 1861 1553 1914 loquitur.
1611 1859 1738 1902 Pria-

293 1942 388 1969 mus
409 1928 651 1980 respondit,
673 1927 765 1967 fieri
788 1939 874 1967 non
897 1940 1055 1980 posse:
1086 1940 1173 1967 non
1203 1927 1302 1968 ideo
1325 1927 1443 1980 quod
1471 1940 1569 1967 eum
1595 1925 1735 1968 affini-

291 2000 384 2036 tate
404 1994 621 2048 indignum
644 1995 896 2045 existimet3
929 1994 1007 2034 sed
1030 1995 1066 2035 si
1089 1995 1128 2034 ei
1149 1994 1331 2044 dederit,
1363 1999 1409 2035 et
1438 1994 1512 2035 ille
1527 1999 1541 2023 5
1572 1994 1738 2034 disces-

293 2062 408 2111 serit,
431 2066 602 2102 ceteros
625 2074 712 2101 non
735 2060 1037 2101 discessuros:
1061 2064 1104 2100 et
1120 2061 1317 2114 iniquum
1335 2074 1447 2110 esse,
1465 2061 1596 2101 filiam
1612 2072 1736 2100 suam

293 2129 409 2168 hosti
424 2127 623 2181 jungere.
684 2127 966 2180 Quapropter
988 2127 1024 2167 si
1048 2127 1092 2167 id
1113 2127 1207 2168 fieri
1229 2129 1374 2177 vellet,
1405 2140 1497 2182 pax
1520 2131 1738 2181 perpetua

295 2194 385 2243 fiat,
406 2199 449 2234 et
470 2196 690 2235 exercitus
713 2193 932 2243 discedat,
953 2193 1131 2234 foederis
1158 2194 1260 2248 jura
1292 2195 1560 2235 sanciantur.
1620 2193 1669 2234 Si
1690 2193 1737 2234 id

299 2262 466 2302 factum
489 2262 558 2310 sit,
580 2274 625 2301 se
648 2261 686 2300 ei
708 2261 889 2300 libenter
919 2259 1054 2299 filiam
1078 2259 1295 2300 daturum.
1355 2261 1513 2314 Itaque
1535 2273 1632 2301 cum
1650 2273 1739 2301 ser-

295 2341 376 2369 vus
399 2328 454 2369 ad
478 2327 710 2369 Hecubam
740 2328 900 2368 missus
931 2330 1047 2367 esset
1077 2327 1133 2367 ab
1161 2325 1343 2378 Achille,
1377 2328 1529 2369 eadem
1547 2327 1738 2368 Hecuba

896 2455 1131 2468 eeeeeeeeeeee

340 2549 359 2577 4
384 2546 566 2585 Ceterosque
585 2544 769 2585 Delph.-5
795 2543 976 2576 Omittitur
993 2543 1044 2575 ille
1056 2543 1183 2584 Delph.

946 2670 1090 2704 NOTAE

340 2756 355 2771 ¹¹
378 2749 430 2781 Aa
457 2751 628 2790 sepulcrum
654 2748 719 2787 qius
744 2747 877 2789 profecti
903 2747 991 2787 sunt]
1087 2750 1102 2765 v
1124 2745 1175 2777 De
1196 2744 1368 2776 conditione
1386 2743 1533 2785 Achiuis]
1571 2743 1639 2775 Hic
1661 2753 1739 2785 pro.

299 2800 392 2832 Nota
419 2809 567 2830 rnorem:
593 2808 680 2829 anno
704 2799 867 2829 redeunte
885 2803 919 2828 et
935 2807 991 2828 eo·
1046 2795 1118 2836 prie
1134 2795 1295 2835 loquitur,
1311 2793 1344 2824 id
1359 2798 1423 2832 est,
1435 2793 1477 2824 de
1491 2792 1685 2825 conditione
1697 2795 1739 2826 ab

299 2848 376 2879 dem
393 2848 448 2880 die
463 2848 503 2880 ad
523 2846 643 2879 mortui
660 2847 852 2888 sepulcrum
870 2855 990 2878 conve·
1045 2844 1176 2875 Achille
1193 2844 1317 2875 oblata.
1363 2843 1522 2874 Conditio
1536 2847 1647 2873 autem
1662 2852 1740 2882 pro-

300 2899 405 2929 niunt.
1045 2895 1118 2936 prie
1134 2898 1184 2926 est
1202 2893 1356 2935 quaedam
1371 2893 1565 2934 nuptiarum
1582 2892 1708 2933 pactio.
