1915 3231
533 327 596 356 DE
631 328 787 357 BELLO
819 327 1045 358 'rRoJANo
1079 327 1173 358 mu.
1209 328 1280 358 ιιι.
1544 320 1628 360 203

183 425 286 475 post
298 433 426 474 quem
444 421 676 470 secundus,
692 421 958 475 Polipoetes.
996 421 1175 474 Duplici
1191 433 1352 474 campo
1367 419 1629 470 Machaon‚¹¹

181 488 388 540 singulari
413 488 683 542 Eurypylus,
714 489 829 529 saltu
858 487 1156 541 Tlepolemus,
1188 488 1313 528 disco
1335 486 1629 537 Antilochus,v

182 555 376 596 victores
398 556 575 596 abeunt.
634 556 828 597 Praemia
857 555 1053 596 luctandi
1087 555 1254 596 intacta
1282 560 1628 608 permansere:W

183 621 350 675 quippo
364 621 485 675 Ajax
506 622 717 675 arripiens
738 622 928 662 medium
945 621 1156 675 Ulyssem
1170 627 1187 643 x
1203 621 1368 675 dejicit,
1383 621 1456 674 qui
1477 634 1626 669 ruens,

181 689 371 742 pedibus
393 689 486 743 ejus
514 689 880 738 circumvortitur,
901 694 1033 742 atque
1061 689 1123 730 ita
1142 689 1392 743 praepedito
1413 689 1629 742 obligato-

182 767 269 807 que
289 756 436 806 nixu‚4
463 755 498 796 A
500 755 585 809 jax
604 768 715 808 pene
728 755 823 809 jam
843 755 988 796 victor
1006 755 1064 796 ad
1084 758 1241 795 terram
1262 757 1358 796 ruit.
1418 754 1627 795 Cestibus

180 821 466 876 reliquoquey
503 835 708 863 manuum
744 821 976 862 certamine
1015 821 1132 862 idem
1171 821 1295 875 Ajax
1333 821 1622 862 Telamonius

181 890 371 942 palmam
387 889 527 930 refert.
586 888 727 930 Cursu
749 889 791 929 in
814 889 971 929 armisz
1001 892 1224 941 postremo
1247 889 1488 930 Diomedes
1512 902 1625 942 prae-

179 955 332 998 valuit.
393 956 509 998 Dein
529 957 604 997 ubi
624 956 808 1010 praemia
827 955 1079 997 certaminis
1096 955 1328 1008 persoluta
1340 960 1456 1005 sunt,
1474 955 1628 996 Achil-

179 1021 245 1062 les
266 1023 451 1076 primum
472 1023 664 1064 omnium
687 1021 1004 1076 Agamemnoni
1018 1027 1034 1044 ³
1069 1021 1249 1072 donum,
1267 1023 1387 1076 quod
1414 1023 1455 1063 ei
1489 1022 1627 1063 hono-

181 1090 453 1131 ratissimum
473 1090 716 1140 videbatur,
736 1089 882 1130 offert:
914 1089 1157 1130 secundum
1174 1094 1188 1118 ⁵
1222 1089 1418 1139 Nestori,
1448 1089 1628 1130 Idome-

181 1168 264 1197 neo
285 1158 484 1198 tertium:
524 1162 630 1210 post
663 1169 790 1209 quos,
812 1155 1039 1197 Podalirio
1071 1161 1116 1197 et
1139 1155 1399 1206 Machaoni,
1432 1156 1531 1198 dein
1561 1169 1627 1197 rc-

180 1222 315 1276 liquis
349 1237 429 1277 pro
466 1224 624 1264 merito
660 1224 878 1264 ducibus:
912 1223 968 1264 ad
998 1228 1263 1277 postremum
1293 1236 1440 1264 eorum
1472 1224 1626 1273 sociis,

182 1289 257 1342 qui
276 1289 321 1331 in
339 1290 455 1331 bello
474 1289 753 1331 occiderant:
780 1289 937 1343 hisque
959 1290 1226 1340 mandatum,
1246 1291 1312 1331 uti
1331 1304 1430 1332 cum
1453 1297 1627 1344 tempus

793 1407 1019 1420 eeeeeeeeee

181 1482 334 1515 bank—⁴1
360 1483 485 1524 Delph.
512 1488 546 1515 et
563 1483 662 1523 vulgo
680 1483 811 1524 pedibus
835 1494 862 1514 e.
887 1484 1137 1516 circumnectitur
1151 1494 1182 1515 α.
1199 1484 1221 1515 i.
1237 1493 1267 1524 p.
1282 1493 1309 1515 o.
1323 1487 1481 1515 neema—5
1506 1483 1629 1524 Delph.

834 1589 974 1620 NOTAE

173 1663 246 1703 jam
271 1661 313 1693 ad
337 1666 460 1692 metam
487 1662 696 1702 perveniret,
718 1671 820 1702 super
839 1661 876 1692 fi·
931 1661 1067 1692 lendum
1094 1661 1223 1702 praebe.
1267 1660 1324 1692 Sic
1340 1659 1430 1691 fatus
1447 1661 1519 1701 ipse
1537 1662 1629 1702 prior

179 1722 267 1743 mum
285 1711 442 1743 bubulum
458 1713 571 1752 lapsus
589 1717 654 1751 est,
677 1721 784 1753 quare
800 1721 874 1741 eum
929 1712 1085 1751 Ulyssem
1103 1711 1261 1750 sustulit3
1285 1716 1319 1742 at
1335 1711 1476 1752 Ulysses
1493 1722 1580 1752 pone
1596 1713 1628 1743 ci

179 1763 320 1802 Ulysses
358 1767 566 1801 praevertens
598 1761 750 1792 victoriae
788 1770 875 1801 prae-

178 1811 280 1841 mium
299 1810 499 1849 reportavit.
544 1810 716 1841 Homerus
733 1810 814 1840 ibid.

221 1865 236 1880 υ
251 1860 380 1899 Duplici
393 1869 498 1900 cumpo
512 1860 682 1901 Machaon]
705 1859 794 1893 Quid
812 1869 874 1900 per

178 1909 349 1949 duplicem
368 1919 523 1950 campum
540 1910 671 1941 Noster
693 1910 876 1950 intelligat,

179 1960 233 1990 vix
252 1959 332 1990 satis
349 1959 471 1997 video3
495 1959 559 1990 nisi
577 1968 636 1999 per
653 1968 728 1989 eum
746 1958 875 1999 duplex

177 2009 337 2048 stadium,
365 2010 418 2039 vel
447 2009 649 2049 simpliciter
675 2018 810 2039 cursum
840 2012 875 2039 et

178 2068 351 2090 recursum
378 2059 459 2089 velit
483 2057 685 2099 significare.
730 2058 776 2088 Et
799 2058 874 2094 hoc,

178 2108 220 2139 de
243 2108 371 2149 duplici
396 2118 516 2148 campo
538 2113 572 2138 et
594 2107 637 2138 de
662 2107 820 2149 simplici,
838 2112 874 2139 ut

178 2160 220 2190 de
236 2160 336 2197 saltu,
353 2168 370 2189 a
387 2169 424 2189 se
440 2159 567 2198 Dictys
583 2157 728 2188 addidit.

207 2214 221 2229 v
230 2208 535 2248 DiscoAntilochus]
546 2208 653 2238 Immo
664 2209 874 2248 PolypoeteS,

176 2270 276 2301 quem
287 2269 385 2290 cursu
397 2259 497 2299 longo
511 2258 697 2289 secuudum
710 2260 751 2289 ab
765 2259 875 2298 Ajace

176 2310 279 2341 fuisse
308 2311 433 2340 Noster
460 2308 590 2349 scribit,
605 2309 632 2339 is
662 2308 757 2339 disco
782 2309 875 2340 vicit.

178 2359 317 2390 Homer.
334 2359 425 2390 lbid.

220 2414 239 2429 Ψ
264 2408 403 2439 Proemz'a
428 2407 566 2438 luctandi
589 2406 708 2436 intacta
730 2416 871 2446 perman-

189 2458 254 2498 ere]
293 2458 462 2488 Homerus
492 2456 554 2495 ait,
585 2456 700 2486 ambos
726 2456 874 2496 aequalia

176 2507 315 2548 pra-mia
333 2510 540 2547 reportasse.

219 2561 235 2576 ¹
260 2557 382 2596 Quippe
398 2555 485 2595 Ajax
507 2554 662 2594 arripiens
678 2555 810 2586 mediam
830 2556 874 2586 U-

187 2607 300 2647 yssem]
327 2606 456 2637 Horum
482 2606 608 2636 luctam
634 2606 682 2636 sic
708 2605 875 2636 describit

177 2657 357 2689 Homerus.
380 2657 464 2688 Cum
478 2655 565 2696 Ajax
580 2661 616 2687 et
627 2656 782 2696 Ulysses,
797 2661 875 2696 post

176 2707 300 2737 multos
315 2712 470 2747 conatus,
485 2715 595 2747 neque
611 2715 647 2737 se
663 2706 812 2746 dejicere
821 2707 874 2737 vel

177 2757 279 2787 ctiam
296 2757 469 2788 dimovere
485 2762 637 2797 possent,
653 2757 791 2788 tandem
807 2758 872 2789 Te-

178 2807 355 2846 lamonius,
379 2807 554 2837 Gener-ose
581 2807 733 2847 UlysseS,
750 2807 871 2847 inquit,

179 2856 230 2886 vel
249 2865 298 2886 me
315 2865 442 2886 sursum
459 2856 553 2895 tolle,
577 2857 626 2886 vel
653 2861 686 2887 te
708 2856 787 2887 milii
806 2857 867 2887 tol·

929 1771 1049 1792 coxam
1066 1759 1159 1798 ferit,
1174 1761 1287 1802 sicque
1304 1771 1379 1792 enm
1397 1762 1553 1802 supinum
1570 1763 1629 1793 de·

923 1810 1025 1851 jecit,
1061 1811 1133 1850 ipse
1163 1820 1266 1851 super
1294 1820 1370 1841 eum
1401 1811 1599 1842 incumbens
1620 1823 1627 1841 z

930 1860 1029 1890 ambo
1050 1864 1170 1900 postea
1185 1860 1363 1900 eriguntur
1380 1860 1412 1890 in
1431 1862 1556 1901 pedes:
1583 1863 1629 1893 U-

927 1909 1034 1949 lysses
1050 1909 1190 1950 Ajacem
1208 1909 1356 1940 medium
1375 1910 1511 1950 arripit,
1535 1921 1628 1941 cum·

927 1969 993 2001 que
1010 1959 1065 1990 vix
1082 1969 1158 1990 eum
1177 1963 1271 1990 terra
1295 1959 1461 1994 elevarat,
1486 1961 1626 2000 genibus

929 2019 1004 2040 eum
1036 2009 1236 2050 implicavit,
1267 2015 1302 2040 et
1328 2009 1377 2040 ita
1404 2009 1503 2040 ambo
1534 2010 1627 2041 humi

929 2059 1153 2100 procubuere.
1195 2059 1340 2100 Jamque
1364 2060 1500 2090 tertiam
1517 2060 1627 2091 vicem

928 2109 1145 2149 repetebant,
1160 2119 1235 2140 cum
1253 2109 1403 2140 Achilles
1419 2119 1476 2140 eos
1490 2109 1629 2149 dirimit,

929 2159 1080 2190 indicans
1097 2159 1270 2190 amborum
1288 2159 1460 2190 victoriam
1477 2159 1564 2191 fore.

972 2216 985 2237 Υ
1004 2210 1148 2241 Cestibus
1158 2210 1347 2250 reliquoque]
1365 2210 1534 2241 Homerus
1548 2220 1628 2241 vero

928 2260 1057 2295 scribit,
1076 2260 1206 2299 Epeum
1225 2260 1379 2299 pugilatu
1397 2260 1528 2291 vicisse.

970 2314 982 2328 z
1007 2310 1108 2339 Cursu
1125 2311 1157 2339 in
1172 2309 1284 2348 armis]
1311 2309 1479 2340 Homerus
1495 2310 1626 2349 scribit,

928 2368 993 2389 non
1008 2368 1122 2393 curso,
1134 2358 1192 2389 sed
1208 2367 1286 2388 veru
1303 2368 1413 2398 pugna
1427 2368 1501 2389 cum
1516 2358 1625 2398 Ajace

926 2408 1125 2438 Diomedem
1143 2408 1349 2442 decertasse,
1364 2413 1439 2439 uter
1459 2409 1550 2448 prior
1567 2409 1625 2439 ad-

927 2459 1077 2489 versario
1090 2458 1288 2497 sanguinem
1305 2458 1460 2489 eliceret.

969 2512 983 2528 ὃ
998 2508 1239 2548 Agamemnoni]
1256 2507 1424 2538 Homerus
1437 2509 1495 2547 ait,
1508 2508 1625 2540 Achil-

927 2558 991 2589 lem
1004 2558 1177 2598 jaculandi
1193 2558 1365 2597 praemium
1386 2559 1625 2598 proposuisse3

927 2613 962 2638 et
983 2617 1058 2638 cum
1076 2606 1307 2647 Agamemnon
1323 2612 1359 2637 et
1381 2607 1553 2638 Mer10nes
1568 2608 1624 2649 ja-

925 2658 1071 2689 culaturi
1092 2661 1284 2696 surgerent,
1307 2656 1338 2687 ei
1354 2656 1520 2688 Achillem
1539 2668 1624 2697 prae-

926 2708 1026 2738 mium
1041 2707 1204 2738 detulisse
1218 2716 1227 2744 ;
1243 2707 1371 2746 quippe
1385 2707 1440 2746 qui
1457 2716 1622 2738 consensu

927 2756 1073 2787 omnium
1091 2761 1125 2786 et
1142 2755 1268 2785 viribus
1285 2759 1321 2785 et
1337 2754 1513 2795 jaculandi
1532 2756 1621 2797 peri-

927 2806 974 2838 tia
990 2807 1135 2848 reliquos
1151 2808 1341 2845 superaret.
