1915 3231
558 366 620 394 DE
655 365 824 396 uxeio.
857 367 1024 398 TROJAE
1058 369 1254 400 Hieron,
1545 362 1631 404 317

188 470 285 498 acre
306 462 349 498 et
370 458 619 498 iracundum
642 459 715 500 fit:
747 460 1016 502 fortissimus
1039 461 1225 514 quisque
1256 462 1299 502 in
1323 462 1475 516 primis
1497 465 1632 507 cadit.

187 524 358 566 Hector
379 524 636 565 Patroclum
658 526 853 576 occidit,³
869 530 911 567 et
931 540 1030 567 eum
1052 527 1246 579 spoliare
1267 532 1410 581 parat.
1460 529 1633 572 Merion

186 603 284 630 eum
299 589 316 613 b
349 603 403 630 ex
441 591 535 631 acie
569 604 624 632 ne
663 593 927 645 spoliaretur
960 593 1138 646 eripuit.
1199 593 1368 634 Hector
1390 594 1632 637 Merionem

185 657 460 710 persequitur
479 662 526 698 et
544 658 738 698 occidit.c
781 659 922 709 Quem
946 672 1044 699 cum
1065 659 1264 700 similiter
1280 660 1467 713 spoliare
1488 662 1633 712 vellet,

187 724 367 766 advenit
388 725 619 778 suppetias
634 724 905 774 Mnestheus,
923 725 1137 766 Hectoris
1156 726 1294 766 femur
1309 727 1507 768 sauciat:
1530 741 1630 769 sau-

187 791 283 831 cius
303 803 477 844 quoque
499 791 638 832 multa
657 791 791 831 millia
812 791 998 833 occidit:
1031 796 1075 832 et
1095 797 1420 846 perseverasset
1440 792 1633 835 Achivos

184 857 354 898 mittere
374 858 418 898 in
438 858 601 910 sugam,
629 857 716 898 nisi
736 858 895 898 obvius
916 857 980 898 illi
1002 856 1122 911 Ajax
1140 858 1425 899 Telamonius
1447 859 1633 911 suisset;

184 936 283 964 cum
299 937 384 977 quo
405 925 507 965 dum
529 924 869 977 congrederetur,
890 926 1100 977 cognovit
1113 938 1212 965 eum
1234 938 1331 966 esse
1346 925 1400 966 de
1418 927 1631 979 sanguine

186 989 302 1040 suo,d
322 994 412 1032 erat
426 992 534 1032 enim
552 991 606 1033 de
623 991 826 1032 Hesiona
842 1005 993 1032 sorore
1015 992 1179 1032 Priami
1196 996 1340 1033 natus.
1372 991 1477 1043 Quo
1495 999 1632 1047 pacto

186 1057 358 1099 Hector
378 1070 404 1098 a
420 1059 607 1100 navibus
629 1058 773 1110 ignem
795 1059 1006 1099 removeri
1022 1059 1176 1112 jussit,
1198 1063 1240 1100 et
1260 1061 1432 1114 utrique
1455 1073 1501 1101 se
1522 1061 1632 1101 invi—

186 1137 278 1165 cem
299 1129 644 1174 muneraverunt,
660 1129 701 1165 et
721 1126 850 1166 amici
873 1126 1188 1167 discesserunt.
1226 1126 1411 1167 Postera
1431 1127 1501 1167 die
1521 1127 1632 1168 Gra-

181 1191 356 1243 jugenae
379 1192 576 1233 inducias
598 1196 768 1246 petunt.
827 1193 930 1245 [20]
949 1193 1148 1234 Achilles
1172 1193 1428 1234 Patroclum
1445 1194 1633 1247 plangit,

186 1256 454 1311 Grajugenae
475 1272 597 1300 suos.
654 1257 961 1311 Agamemnon
985 1259 1279 1301 Protesilaum
1310 1260 1545 1313 magnifico
1566 1262 1634 1301 fu-

184 1336 283 1364 nere
300 1325 434 1374 effert,
456 1330 710 1380 ceterosque
729 1326 1004 1378 sepeliendos
1028 1330 1165 1368 curat.
1207 1325 1405 1368 Achilles
1426 1327 1632 1369 Patroclo

184 1390 318 1431 ludos
346 1391 548 1433 funebres
578 1393 699 1434 facit.
760 1394 878 1435 Dum
901 1394 1094 1435 induciae
1116 1399 1232 1443 sunt,
1257 1394 1518 1435 Palamedes
1546 1408 1632 1436 non

186 1462 336 1499 cessat
356 1459 615 1500 seditionem
635 1460 778 1500 facere
795 1473 806 1501 t
839 1460 1060 1512 indignum
1094 1473 1236 1512 regem
1255 1459 1632 1513 Agamemnonem

185 1537 282 1565 esse
303 1526 377 1579 qui
399 1527 613 1567 exercitui
643 1527 830 1578 imperet
856 1532 901 1567 et
921 1526 1148 1567 indoctum
1169 1526 1299 1566 dixit.
1359 1527 1463 1579 Ipse
1486 1540 1633 1568 coram

186 1594 383 1634 exercitu
405 1593 544 1634 multa
565 1606 646 1634 sua
666 1594 860 1634 ostendit
882 1593 1062 1634 studia..e
1122 1593 1272 1633 Primo
1296 1605 1421 1634 suam
1448 1605 1633 1634 exscen-

187 1659 371 1707 sionem‚
409 1663 653 1700 castrorum
688 1659 987 1708 munitionem,
1024 1659 1268 1712 vigiliarum
1310 1659 1633 1708 circuitionem,

188 1726 300 1777 signi
319 1723 570 1776 dationem,f
586 1727 791 1767 librarum
813 1726 1142 1780 ponderumque
1162 1725 1497 1776 dimensionem,
1512 1740 1636 1767 exer-

187 1792 388 1845 citusque
404 1793 724 1834 instructionem
739 1792 945 1834 ostendit.
969 1793 1014 1833 H
1020 1806 1084 1834 aec
1098 1806 1196 1834 cum
1214 1806 1238 1833 a
1254 1806 1299 1833 se
1314 1798 1416 1834 acta
1426 1793 1634 1842 fuissent,

186 1871 272 1898 non
293 1871 467 1913 aequum
491 1872 608 1909 esse,
629 1873 728 1900 cum
749 1873 775 1899 a
796 1860 952 1912 paucis
974 1860 1202 1913 imperium
1225 1859 1374 1900 datum
1398 1858 1635 1913 Agamem-

187 1926 289 1966 noni
319 1930 502 1976 esset,²g
534 1939 633 1967 eum
663 1927 866 1967 omnibus
888 1928 962 1980 qui
984 1931 1142 1981 postea
1162 1927 1469 1969 convenissent
1498 1927 1635 1980 impe-

792 2057 1027 2069 eeeeeeeeeee

232 2124 252 2152 2
275 2122 386 2153 Voces
401 2131 468 2153 cum
485 2125 520 2153 et
536 2126 613 2153 esset
629 2121 831 2153 omittuntur
847 2121 970 2162 Delph.

846 2214 985 2246 No'rffi

234 2283 248 2300 ²
272 2279 390 2311 Hector
410 2280 591 2311 Patroclum
610 2280 737 2321 occidit]
771 2280 811 2311 In
836 2289 886 2310 se-

192 2330 303 2362 cunda
326 2340 438 2370 pugna
455 2331 651 2362 Patroclum
675 2331 819 2362 occisum
837 2330 887 2361 fu-

192 2382 255 2411 isse
279 2380 364 2411 dicit
381 2381 501 2418 Dares,
526 2386 645 2412 contra
668 2390 798 2412 omnem
822 2382 887 2412 liis-

193 2432 291 2463 toriae
307 2431 420 2463 fidem.

235 2481 250 2502 b
272 2481 396 2512 Merion
412 2480 493 2520 eum]
517 2481 604 2513 Haec
617 2492 658 2513 ex
672 2481 821 2513 Homero
834 2491 888 2512 ac-

192 2533 298 2572 cepit,
326 2532 382 2563 sed
410 2542 450 2563 ea
473 2532 676 2564 immutavit.
720 2532 889 2563 Homerus

192 2583 282 2614 enim
299 2583 493 2614 Patroclum
509 2582 551 2613 ab
568 2582 719 2613 Hectore
742 2581 889 2613 occisum

193 2637 228 2662 et
245 2633 426 2673 spoliatum
450 2632 547 2671 dicit,
570 2636 690 2672 postea
713 2631 890 2662 advenisse

192 2681 398 2721 Menelaum,
415 2681 570 2722 Ajacem,
595 2681 799 2719 Merionem‚
826 2681 890 2710 διο.

194 2732 251 2771 qui
269 2732 416 2763 Patrocli
433 2732 580 2763 cadaver
604 2731 746 2762 Hectori
766 2729 888 2761 adime-

194 2789 282 2821 rent,
297 2788 331 2813 et
349 2783 389 2813 ad
407 2783 546 2815 Graecos
560 2781 742 2814 referrent.

237 2837 250 2852 ⁶
287 2832 407 2863 Hector
434 2833 608 2863 Merionem
635 2830 831 2871 prosequitur
860 2832 889 2859 et

195 2882 322 2923 occidit]
357 2882 546 2913 Merionem
570 2882 602 2913 in
629 2881 749 2913 eadem
776 2888 891 2920 pugna

942 2288 1018 2310 cum
1045 2278 1207 2310 Patroclo
1233 2277 1274 2308 ab
1298 2277 1450 2309 Hectore
1476 2278 1638 2316 occisum,

942 2329 1025 2360 dicit
1040 2328 1159 2358 Dares.
1206 2327 1306 2360 Quod
1334 2337 1376 2358 ex
1402 2327 1552 2359 Homero
1576 2327 1640 2358 fal-

942 2389 1013 2410 sum
1031 2382 1094 2414 est,
1110 2378 1166 2419 qui
1187 2387 1348 2418 nusquam
1365 2377 1529 2408 MerIonis
1551 2386 1639 2408 nior-

944 2435 1011 2461 tem
1028 2428 1192 2459 narravit.

984 2478 999 2499 d
1025 2478 1178 2516 Cognovit
1193 2486 1260 2507 eum
1274 2486 1338 2508 esse
1353 2477 1390 2507 de
1403 2475 1556 2514 sanguine
1569 2476 1639 2516 suo]

942 2529 1030 2559 Tota
1045 2528 1120 2558 haec
1135 2527 1273 2557 historia
1290 2526 1332 2556 de
1347 2525 1542 2566 cognitione
1559 2524 1639 2565 Aja·

943 2579 989 2610 cis
1006 2582 1042 2609 et
1058 2577 1220 2608 Hectoris
1236 2587 1254 2608 a
1269 2578 1401 2608 Darete
1417 2575 1576 2607 conficta.

987 2634 1000 2649 e
1023 2629 1128 2659 Multa
1142 2638 1199 2659 sua
1213 2627 1347 2659 ostendit
1367 2624 1487 2665 studia]
1519 2625 1578 2657 Sec
1592 2636 1640 2657 re-

943 2678 1095 2716 chere-hes,
1119 2687 1168 2708 ses
1192 2676 1400 2708 deconvertes·
1442 2675 1495 2706 De
1521 2675 1559 2706 iis
1585 2685 1640 2707 su·

943 2737 1016 2768 pra,
1030 2726 1118 2767 apud
1136 2726 1278 2767 Dictyn.

987 2776 998 2797 f
1017 2776 1113 2816 Signi
1126 2775 1296 2816 dationem]
1319 2774 1464 2815 Gallice,
1479 2776 1506 2806 le
1521 2779 1597 2806 mot,

988 2834 1004 2856 ἐξ
1028 2828 1056 2859 Α
1086 2829 1193 2867 paucis
1225 2827 1389 2867 imperium
1417 2827 1523 2856 datum
1552 2825 1640 2863 Aga-

944 2878 1112 2919 memnoni]
1153 2877 1273 2909 Oratio
1301 2886 1366 2908 non
1394 2874 1550 2917 procedit
1576 2875 1639 2906 nisi
