1915 3231
542 287 603 316 DE
638 286 794 316 nermo
828 285 1051 315 TROJANO
1087 285 1182 314 [ΑΒ.
1215 285 1248 314 1.
1562 273 1618 314 99

172 391 304 433 quam
327 378 504 421 Cretam
524 379 696 421 nuntius
721 379 854 428 venit,
876 384 920 419 et
940 383 1127 429 cuncta,³
1158 391 1256 431 quae
1280 379 1335 420 ab
1357 378 1616 419 Alexandro

170 445 384 486 adversus
422 447 596 487 domum
627 446 820 487 Menelai
859 446 1095 486 commissa
1129 449 1269 495 erant,
1311 446 1495 499 aperuit,
1540 457 1620 497 per

170 523 343 553 omnem
362 513 569 563 insulam,
602 514 719 554 sicut
745 514 788 553 in
809 513 886 553 tali
907 525 952 553 re
973 512 1066 553 fieri
1087 516 1240 561 amat,g
1266 511 1385 552 fama
1405 513 1449 552 in
1477 511 1620 563 majus

169 576 441 630 divulgatur:
472 583 766 632 expugnatam
789 579 954 632 quippe
983 579 1161 619 domum
1182 579 1310 630 regis,
1329 589 1618 629 eversumque

167 654 359 695 regnum,
390 650 434 685 et
454 646 543 686 alia
563 646 608 685 in
631 646 765 685 talem
791 645 966 685 modum
1000 645 1160 696 singuli
1192 644 1482 684 disserebant.
1540 641 1620 694 [4.]

169 706 347 758 Quibus
369 711 558 763 cognitis
577 710 826 759 Menelaus,
846 712 929 751 etsi
947 711 1184 751 abstractio
1206 710 1408 764 conjugis
1425 709 1622 750 animum

167 780 453 827 permoverat,
494 777 632 817 multo
667 777 859 829 amplius
895 780 1039 817 tamen
1076 777 1134 817 ob
1171 776 1377 831 injuriam
1412 774 1619 825 affinium,

168 853 280 895 quas
310 853 442 894 supra
466 843 822 891 memoravimus,
855 843 1226 884 consternabatur.
1285 841 1349 883 At
1377 842 1455 883 ubi
1485 841 1620 882 anim-

169 907 358 949 advertit
384 908 664 958 Palamedes,
699 922 848 961 regem
877 909 942 948 ira
973 913 1109 962 atque
1138 909 1437 962 indignatione
1469 912 1622 962 stupe-

166 974 349 1025 factum,
385 976 572 1017 consilio
604 976 843 1025 excidisse,
874 976 970 1029 ipse
994 989 1129 1017 naves
1160 981 1303 1029 parat,
1337 980 1470 1029 atque
1501 976 1621 1016 omni

168 1042 450 1083 instrumento
471 1043 744 1095 compositas
766 1048 890 1084 terrae
922 1043 1133 1096 applicat.
1195 1043 1310 1083 Dein
1330 1055 1409 1096 pro
1426 1047 1619 1095 tempore

169 1121 310 1161 regem
330 1110 518 1150 breviter
540 1109 812 1156 consolatus,
834 1109 996 1162 positis
1017 1109 1146 1149 etiam
1164 1121 1220 1148 ex
1243 1106 1496 1158 divisione,¹¹
1519 1121 1619 1162 quae

170 1175 217 1215 in
240 1175 316 1216 tali
333 1177 507 1228 negotio
522 1177 811 1229 patiebatur,4
828 1188 982 1216 navem
1001 1176 1241 1216 ascendere
1256 1175 1387 1216 facit:
1407 1177 1540 1228 atque
1560 1176 1622 1216 ita

170 1242 316 1282 ventis
338 1254 395 1282 ex
427 1243 644 1285 sententia
675 1242 896 1291 flantibus,
925 1243 1082 1296 paucis
1112 1242 1271 1283 diebus
1299 1242 1502 1295 Spartam
1524 1255 1621 1295 per-

171 1321 343 1349 venere.
402 1309 470 1350 Eo
488 1309 582 1363 jam
601 1309 901 1362 Agamemnon
924 1313 968 1350 et
989 1310 1165 1358 Nestor,
1187 1322 1429 1363 omnesque
1451 1307 1545 1362 quii
1565 1321 1622 1349 ex

172 1376 335 1427 origine
360 1376 538 1430 Pelopis
571 1377 616 1417 in
646 1376 824 1417 Graecia
855 1377 1105 1428 regnabant,
1138 1376 1322 1428 cognitis
1354 1377 1484 1416 rebus
1517 1389 1623 1416 con-

171 1441 402 1483 fluxerant.
462 1443 604 1495 Igitur
636 1447 870 1496 postquam
905 1442 1155 1482 Menelaum
1193 1442 1428 1483 advenisse
1460 1442 1621 1490 sciunt,

173 1521 324 1548 omnes
352 1509 397 1548 in
427 1522 560 1549 unum
594 1508 769 1549 co'eunt.
819 1508 874 1548 Et
905 1520 1150 1560 quanquam
1184 1509 1395 1548 atrocitas
1427 1507 1534 1548 facti
1566 1507 1622 1547 ad

171 1573 530 1627 indignationem,
575 1575 806 1628 ultumque
852 1574 1032 1627 injurias
1055 1573 1071 1596 ¹*
1115 1575 1329 1627 rapiebat,
1375 1578 1520 1614 tamen
1561 1586 1621 1613 ex

173 1640 348 1680 consilii
382 1642 596 1682 sententia
625 1642 826 1694 legantur
855 1641 978 1693 prius
1011 1640 1067 1681 ad
1099 1638 1305 1693 Trojam¹
1344 1640 1620 1689 Palamedes,

775 1760 1013 1775 eeeeeeeeeee

172 1837 315 1875 quau—4
338 1835 462 1877 Delpli.
477 1835 588 1876 quihus
600 1858 609 1868 .
623 1857 631 1866 .
644 1857 651 1866 .
664 1836 864 1878 patiebantur
880 1836 1039 1878 Vintling.
1053 1836 1342 1877 partiebantur.——5
1368 1836 1493 1877 Delph.
1514 1835 1621 1877 iisque.

828 1953 969 1986 NOTAE

215 2015 228 2035 s
239 2015 288 2047 Ob
297 2016 551 2047 necessitudinem
561 2026 630 2048 cum
645 2016 734 2056 He1.]
758 2017 869 2058 Supra

173 2077 216 2098 ex
246 2067 383 2107 Hygino
413 2066 556 2097 vidimus
581 2077 639 2098 eas
667 2067 808 2097 Helenae
834 2067 867 2098 in

176 2118 375 2148 servitutem
419 2126 440 2147 a
471 2116 614 2147 Castore
654 2120 689 2146 et
729 2116 868 2147 Polluce

172 2167 270 2198 datas
301 2165 418 2197 fnisse.
462 2166 559 2197 Idem
587 2165 813 2206 Apollodorus
827 2166 868 2197 ‹le

174 2218 302 2249 AEthra.

214 2272 228 2295 8
245 2267 334 2299 Fieri
349 2266 448 2307 amat]
474 2266 527 2297 Ita
540 2265 572 2296 in
587 2266 671 2297 Mss.
686 2266 778 2296 Male
794 2274 868 2296 cor-

171 2325 327 2350 rectores
350 2316 532 2348 ediderunt
556 2316 684 2347 ‘solen’
717 2317 727 2333 ⁴
746 2314 867 2347 Amat'

172 2368 349 2407 eleganter
362 2366 505 2397 dicitur:
524 2366 572 2396 sic
590 2366 719 2396 Graecis
736 2367 831 2404 φιλεῖ.

213 2416 228 2437 ¹¹
243 2416 363 2448 Positis
376 2417 471 2448 etiam
485 2425 525 2447 ex
540 2415 706 2454 divisione]
730 2415 870 2454 Positis,

170 2467 204 2499 in
223 2476 324 2499 naves
347 2467 490 2498 scilicet.
541 2465 650 2507 Ayant
674 2465 790 2505 charge
814 2474 869 2496 sur

170 2518 214 2548 les
227 2517 401 2548 vaisseaux.

214 2567 408 2606 *Omnesque
427 2565 498 2606 qui]
521 2567 574 2596 De
599 2565 734 2604 regibus
761 2564 866 2596 Achi-

172 2625 288 2647 vorum
305 2626 312 2646 :
336 2616 412 2647 vide
430 2615 556 2655 Hygin.

214 2664 229 2686 k
248 2666 410 2705 Ultumque
424 2664 573 2704 injurias]
597 2664 742 2696 Phrasin
758 2669 867 2696 muta·

173 2715 235 2753 vit,
274 2716 431 2755 rapiebat
457 2715 498 2745 ad
530 2715 802 2755 indignationem
832 2719 867 2745 et

173 2764 329 2804 rapiebat
345 2766 450 2796 ultum
477 2764 637 2805 injurias:
662 2764 721 2795 sed
749 2765 867 2795 melius

172 2813 326 2856 dixisset,
343 2814 397 2846 Ad
423 2815 688 2856 indignationem
712 2821 747 2846 et
769 2815 870 2846 ultio·

924 2028 1000 2049 nem
1039 2017 1237 2058 injuriarum
1275 2017 1445 2058 rapiebat.
1490 2017 1621 2048 Tamen

923 2067 1087 2108 ejusmodi
1109 2069 1268 2108 exempla
1285 2067 1434 2108 reperias
1454 2068 1544 2108 apud
1560 2067 1619 2098 bo-

924 2126 983 2147 nos
999 2122 1168 2153 auctores,
1189 2117 1248 2148 sed
1273 2127 1346 2159 quae
1364 2117 1467 2148 nolim
1493 2118 1618 2158 saepius

922 2166 1061 2198 imitari.

964 2215 971 2236 ¹
986 2216 1150 2254 Legantur
1162 2216 1251 2256 prius
1259 2216 1299 2247 ad
1316 2215 1455 2257 Trojam]
1479 2216 1619 2247 Certum

922 2270 974 2298 est
987 2272 1022 2298 et
1034 2268 1442 2307 Palamedemffllyssem,
1454 2272 1488 2299 et
1500 2268 1619 2297 Mene-

922 2319 1010 2349 laum
1027 2319 1067 2348 ad
1085 2318 1222 2357 Trojam
1240 2317 1383 2356 legatos,
1399 2317 1524 2348 sedhic
1538 2317 1619 2347 Dic-

923 2373 974 2408 tys
1005 2368 1140 2398 videtur
1171 2368 1310 2398 innuere
1345 2367 1504 2407 Ulyssem
1541 2377 1618 2397 cum

920 2418 992 2448 aliis
1003 2418 1161 2457 Spartam
1176 2416 1386 2455 convenisse,
1398 2417 1485 2456 quod
1498 2415 1619 2446 falsum

922 2471 996 2498 est:
1029 2477 1105 2497 nam
1131 2465 1298 2496 Homerus
1322 2470 1358 2496 et
1381 2466 1437 2496 alii
1462 2469 1619 2496 auctores

923 2515 1060 2547 tradunt
1076 2515 1362 2555 Agamemnonem
1375 2519 1410 2545 et
1423 2515 1617 2545 Menelaum

923 2567 956 2597 in
984 2566 1125 2596 insulam
1150 2564 1303 2594 Ithacam
1325 2563 1367 2594 ad
1387 2563 1544 2603 Ulyssem
1562 2573 1619 2593 ve-

921 2616 1022 2653 nisse,
1038 2619 1075 2645 ut
1092 2623 1166 2644 eum
1184 2613 1247 2643 sibi
1263 2612 1393 2643 militiae
1411 2622 1479 2642 suae
1492 2613 1618 2643 socium

921 2666 1136 2696 asciscerent.
1181 2662 1221 2693 Id
1236 2672 1311 2693 cum
1327 2667 1499 2692 recusaret
1516 2662 1617 2702 Ulys-

922 2725 986 2752 ses,
1002 2714 1164 2745 insaniam
1187 2712 1346 2743 simulans
1369 2711 1540 2751 salemque
1564 2720 1616 2743 se-

921 2774 999 2795 rens
1009 2772 1096 2804 equo
1109 2768 1142 2793 et
1157 2763 1242 2792 bove
1253 2761 1294 2792 ad
1311 2761 1615 2801 aran-umjunctis‚

922 2812 1121 2844 Palamedes
1162 2811 1192 2842 ei
1225 2810 1464 2842 Telemachum
1509 2810 1614 2841 filium
