1915 3231
470 306 532 336 DE
567 305 723 335 Brinno
755 303 982 335 TROJANO
1018 303 1111 335 mu.
1145 304 1218 333 111.
1488 295 1572 338 193

129 399 302 443 cunctis
323 398 598 449 deflentibus,
633 411 687 440 ac
723 398 944 452 praecipue
976 396 1186 447 foeminis,
1206 397 1326 438 luctu
1346 401 1476 451 atque
1498 412 1572 452 ge-

126 468 236 508 mitu
253 465 397 507 omnia
414 466 631 518 completa
646 469 773 505 sunt:
795 465 896 517 quis
909 470 926 494 1³
946 477 1035 504 non
1050 464 1125 504 alii
1143 476 1271 504 casus
1285 465 1570 514 acerbissimi,

125 547 181 575 ne
199 532 402 574 interitus
415 532 588 586 quidem
599 537 614 562 ⁷
637 530 979 579 Priamidarum‚
1002 543 1094 583 prae
1109 529 1330 571 desiderio
1346 530 1440 584 ejus
1452 531 1572 571 cordi

124 600 400 641 insederant:
433 602 598 640 tantum
630 599 675 639 in
706 610 761 638 eo
792 598 897 639 vivo
934 596 1225 651 praesidium,q
1258 600 1302 638 et
1338 597 1570 638 interfecto

126 680 232 721 spes
254 667 406 708 ablata
427 667 696 708 credebatur.
754 665 818 706 At
840 664 1005 714 Graeci,
1028 664 1073 703 in
1094 667 1243 705 castra
1262 665 1459 717 regressi,
1484 664 1571 718 pri·

122 746 240 774 mum
261 735 454 775 omnium
475 732 693 774 Achillem
712 732 907 773 revisunt
924 745 934 772 :
965 744 1151 783 eumque
1172 730 1227 771 de
1246 733 1419 772 vulnere
1439 736 1452 752 ¹·
1472 743 1570 783 per-

126 801 331 850 cunctati,
351 801 426 841 ubi
448 800 543 841 sine
563 799 716 840 dolore
746 811 873 851 agere
894 798 1055 846 vident,
1089 797 1183 838 laeti
1215 797 1271 838 ad
1304 801 1571 851 postremum

124 879 298 909 narrare
349 867 576 922 occipiunt
606 865 800 908 Patrocli
836 864 971 905 fortia
1012 863 1131 905 facta
1154 878 1163 904 :
1217 864 1320 905 dein
1363 864 1570 918 reliquos,

124 935 202 987 qui
240 934 454 975 vulnerati
502 937 640 982 erant,
686 944 767 985 per
815 930 1013 971 ordinem
1053 931 1319 972 circumeunt
1340 944 1351 973 :
1402 932 1463 972 ita
1504 932 1569 972 in—

123 1001 337 1053 spectatis
359 1000 562 1041 omnibus
583 1000 638 1041 ad
661 999 850 1040 tentoria
870 1011 955 1039 sua
975 998 1161 1053 quisque
1184 998 1436 1050 digreditur.
1497 999 1568 1039 In-

123 1068 250 1108 terim
285 1067 487 1108 Achilles
524 1079 764 1119 regressum
801 1065 1054 1106 Patroclum
1095 1065 1312 1106 extollere
1347 1066 1567 1107 laudibus,

124 1133 225 1174 dein
245 1147 430 1184 monere,
454 1133 516 1175 uti
550 1133 719 1186 reliquo
741 1145 914 1186 quoque
947 1132 1068 1173 bello
1097 1144 1262 1173 memor
1293 1144 1434 1173 rerum
1456 1145 1567 1186 quas

125 1204 331 1253 gesserat,
352 1201 553 1242 hostibus
574 1199 864 1240 vehementius
895 1198 1124 1251 ingrueret.
1185 1198 1291 1240 Hoc
1322 1200 1452 1240 modo
1474 1213 1568 1241 nox

124 1268 405 1309 consumitur.
440 1266 504 1308 At
515 1267 630 1308 lucis
644 1266 862 1319 principio
881 1278 1067 1319 corpora
1080 1279 1260 1307 suorum
1277 1267 1464 1321 quisque
1478 1268 1568 1308 col-

123 1334 242 1375 lecta
264 1334 352 1388 igni
374 1337 578 1384 cremant,
601 1333 700 1373 dein
724 1332 955 1386 sepeliunt.
1014 1332 1103 1373 Sed
1124 1337 1358 1386 postquam
1377 1333 1472 1374 dies
1488 1334 1567 1375 ali·

122 1405 231 1454 quot
251 1401 356 1450 triti,
379 1406 424 1442 et
444 1399 661 1443 vulnerati
681 1398 1009 1448 convaluerant,
1036 1411 1155 1439 arma
1176 1399 1381 1452 expedire
1401 1403 1446 1440 et
1466 1413 1566 1454 pro-

122 1467 281 1510 ducere
296 1469 474 1509 militem
495 1467 657 1521 placet.
686 1466 793 1519 [10.]
810 1465 898 1506 Sed
911 1465 1083 1506 barbari
1098 1479 1217 1506 more
1234 1467 1466 1519 pessimo,⁵
1485 1481 1567 1508 nec

123 1534 360 1589 quicquam
381 1534 691 1588 compositum,
710 1533 901 1586 nihilque
923 1532 1042 1573 aliud
1063 1545 1195 1586 quam
1229 1534 1404 1574 turbata
1433 1538 1566 1587 atque

120 1601 335 1642 insidiosa
356 1602 606 1655 cupientes,
637 1600 752 1641 clam
774 1604 903 1652 atque
934 1603 1034 1639 ante
1064 1604 1234 1652 tempus
1264 1602 1432 1652 egressi
1454 1615 1566 1655 prae-

118 1667 224 1708 lium
245 1672 529 1721 praevertere:
552 1671 741 1720 tuncque
763 1665 891 1706 effusi
912 1665 1048 1707 ruinae
1070 1666 1222 1716 modo,
1242 1667 1475 1709 clamorem
1498 1669 1565 1709 in-

118 1733 357 1785 conditum,
387 1734 519 1775 simul
552 1737 594 1774 et
632 1733 720 1774 tela
755 1733 798 1773 in
830 1731 980 1772 hostes
1012 1732 1268 1786 conjiciunt,
1302 1737 1563 1776 semermost

116 1802 340 1843 etiamtum
373 1805 504 1856 atque
535 1800 871 1854 incompositos.
932 1798 1052 1840 Caesi
1073 1800 1134 1841 ita
1155 1805 1396 1843 nostrorum
1418 1803 1560 1853 multi,

116 1868 160 1908 in
190 1869 291 1922 quis
312 1868 572 1910 Arcesilaus
603 1867 843 1917 Boeotius,¹¹
874 1871 920 1908 et
950 1867 1183 1918 Schedius,
1213 1868 1562 1911 Crissaeorumssv

116 1938 297 1990 uterque
329 1936 468 1978 duces
502 1935 681 1990 optimi:
713 1939 908 1976 ceterum
946 1935 1180 1977 vulnerata
1213 1950 1317 1990 pars
1348 1938 1561 1980 maxima.

710 2052 951 2065 ,,,,,,,,,,,,

114 2129 237 2162 omissa
251 2139 334 2163 voce
349 2131 544 2172 quidem—8
568 2131 653 2163 Mss.
670 2134 733 2162 tres
745 2134 926 2163 eorum—9
949 2131 1067 2163 Barth.
1085 2132 1263 2172 legendum
1292 2136 1391 2173 putat
1416 2133 1562 2174 indigna-

766 2227 906 2260 NOTAE

167 2308 184 2329 ν
218 2301 315 2342 Quis]
364 2301 524 2334 Foeminis
556 2302 702 2339 scilicet,
736 2302 807 2334 sive
859 2303 869 2321 ‘
884 2306 1017 2335 tanturn
1041 2303 1074 2334 in
1091 2312 1130 2335 eo
1155 2303 1229 2335 vivo
1252 2303 1471 2344 praesidium!
1515 2305 1557 2336 Id

111 2351 422 2392 cunctis'rrojanis.
466 2351 526 2384 Ait
551 2352 687 2393 Dictys,
713 2362 806 2384 acer·
859 2353 983 2393 probat
999 2363 1077 2393 vox,
1100 2352 1335 2386 ‘interfectm’
1359 2364 1434 2384 nam
1452 2363 1558 2395 oppo-

109 2402 267 2434 bissimos
289 2411 400 2442 casus,
425 2402 529 2432 veluti
556 2401 806 2433 Priamidarum
859 2404 911 2436 nit
934 2404 1057 2440 vivum,
1084 2405 1283 2437 interfecto.
1325 2405 1472 2438 Andreas
1487 2406 1557 2438 Da-

109 2453 297 2491 interstum,
313 2462 379 2484 non
396 2453 445 2484 ita
455 2453 680 2493 Trojanorum
695 2454 806 2485 animo
858 2456 970 2488 cerins.

109 2503 285 2542 insedisse,
310 2507 348 2534 ut
365 2501 489 2533 insedit
505 2502 711 2534 desiderium
728 2504 805 2534 Sar·
902 2510 914 2526 ¹·
928 2506 980 2537 De
990 2504 1128 2546 vulnere]
1145 2505 1244 2538 Quod
1261 2505 1291 2537 ei
1304 2505 1345 2537 ab
1356 2506 1491 2538 Heleno
1506 2505 1554 2537 in-

108 2552 262 2594 pedonis.
304 2552 372 2584 Sed
398 2552 454 2583 vix
480 2552 528 2584 ita
550 2553 718 2584 scriberet
733 2553 808 2584 bar·
857 2553 1000 2594 flictum,
1016 2564 1118 2594 supra
1134 2555 1264 2586 retulit.

108 2602 232 2635 barus:
257 2602 267 2620 ⁴
281 2602 401 2643 quibus
424 2612 522 2634 casus
538 2603 744 2634 acerbissimi
761 2602 804 2634 de
900 2610 912 2625 ὅ
934 2605 1025 2636 More
1045 2604 1190 2645 pessimo]
1220 2606 1352 2636 Morem
1370 2605 1551 2646 pessimum

107 2651 249 2683 interitu
273 2651 520 2683 Priamidarum
543 2662 609 2684 non
626 2653 737 2684 animo
754 2653 804 2684 in·
857 2658 959 2686 vocat
984 2654 1017 2685 in
1041 2654 1156 2685 hostes
1178 2655 1421 2695 incompositos
1442 2660 1477 2686 et
1492 2655 1551 2687 im-

108 2702 267 2733 sederant
283 2711 353 2742 prae
377 2703 546 2734 desiderio
570 2703 803 2744 Sarpedonis?
857 2708 995 2746 paratos
1007 2703 1224 2745 irruptionem
1237 2703 1361 2735 facere.
1388 2704 1552 2737 Ridicule.

152 2755 167 2777 ‘¹
182 2751 314 2782 Tantum
324 2751 357 2782 in
368 2762 402 2782 eo
413 2751 482 2783 vivo
493 2751 590 2792 [viro]
606 2752 802 2793 praesz‘clz'um]
899 2755 909 2775 t
930 2755 1115 2796 Semermos]
1160 2755 1169 2771 ⁴
1188 2754 1383 2786 Semermis’
1408 2760 1443 2786 et
1472 2755 1481 2771 ‘
1497 2765 1550 2786 se-

109 2800 189 2832 Non
222 2800 334 2839 potuit
365 2801 487 2842 Dictys
514 2811 581 2834 non
605 2803 802 2845 scripsisse:
856 2814 1005 2837 mermus
1019 2805 1040 2845 ;'
1065 2808 1103 2836 nt
1122 2804 1131 2821 ‘
1145 2803 1296 2845 gracilis‘
1312 2809 1348 2837 et
1365 2805 1554 2847 ‘gracilus‚'

194 2851 306 2892 Delph.
320 2855 350 2884 et
367 2853 442 2884 Var.
460 2854 544 2885 Clas.
742 2856 832 2888 Dice.
852 2858 938 2889 Cret.
1431 2857 1464 2889 N
