1915 3231
343 286 394 327 14
572 296 796 328 JOANNES
833 295 1035 327 VOSSIUS
1072 296 1133 326 DF,
1169 295 1319 325 DlCTY
1357 294 1555 324 LATINO.

631 453 745 502 DE
802 452 1083 502 DICTY
1141 450 1502 506 LATINO,

759 553 850 594 EX
882 551 1106 595 EODEM
1136 549 1363 592 VOSSIO

712 642 786 673 DE
822 640 1141 673 H1s‘ron101s
1180 638 1416 672 LArrms.

341 734 398 785 Q.
421 734 697 776 SEp'litJS
729 733 958 775 Romanus
993 733 1150 775 Latine
1189 733 1380 774 creditur
1413 731 1600 773 vertisse
1623 731 1786 785 Dictyn

339 803 593 845 Cretensem
622 802 676 843 de
705 802 823 843 bello
855 801 1077 854 Trojano:
1121 814 1311 855 eamque
1353 801 1686 842 translationem
1721 799 1788 840 di-

337 882 466 910 casse
489 868 546 920 Q.
565 869 760 910 Arcadio
793 868 972 917 Rufino,
993 869 1068 922 qui
1099 869 1182 909 sub
1211 868 1505 909 Constantino
1536 867 1651 920 Imp.
1682 878 1788 906 con-

338 937 530 977 sulatum
558 936 695 989 gessit
725 948 842 976 anno
873 936 995 976 urbis
1018 945 1285 976 cronxvffl.
1345 933 1432 975 Sed
1456 933 1661 988 quisquis
1684 945 1787 974 auc-

336 1008 403 1045 tor
431 1007 498 1044 est
527 1002 623 1056 ejus
656 1002 821 1056 operis,
854 1001 1028 1051 Latine,
1050 1014 1138 1042 non
1165 1000 1324 1042 Graece
1347 1000 1538 1054 scripsit.
1598 999 1786 1041 Graecos

335 1076 485 1112 tamen
517 1074 718 1110 auctores
741 1081 838 1110 cum
867 1068 1040 1123 judicio
1076 1068 1183 1121 legit
1214 1072 1348 1121 atque
1371 1080 1430 1108 ex
1466 1068 1521 1108 iis
1544 1067 1787 1120 excerpsit,

334 1150 435 1190 quae
452 1135 624 1177 veritati
645 1139 944 1176 consentanea
963 1135 1222 1176 viderentur.
1284 1134 1326 1175 N
1331 1147 1382 1175 ec
1406 1139 1552 1174 tamen
1570 1132 1785 1174 Constan-

333 1204 413 1244 tini
435 1215 549 1251 aevo‚
582 1202 659 1243 sed
679 1202 860 1243 saeculis
881 1202 1053 1255 aliquot
1074 1206 1193 1255 post,
1217 1201 1385 1242 vixisse
1406 1213 1592 1241 censeo:
1625 1201 1711 1241 etsi
1731 1212 1784 1241 ea

334 1271 394 1311 sit
415 1269 623 1311 dictionis
648 1269 879 1322 elegantia,
903 1273 949 1309 ut
968 1282 1051 1309 non
1082 1268 1284 1321 indignus
1306 1268 1481 1308 omnino
1506 1266 1785 1308 Constantini

334 1336 509 1391 quidem
527 1336 696 1377 saeculo
716 1335 927 1377 videatur.
989 1335 1123 1386 Quod
1146 1336 1347 1389 inprimis
1370 1338 1491 1389 patet
1512 1347 1570 1375 ex
1591 1334 1783 1375 editione

332 1416 498 1457 nupera
512 1402 646 1456 juxta
661 1402 709 1443 M
714 1416 775 1444 ss.
790 1402 902 1444 Cod.
919 1403 1146 1444 emendata
1167 1402 1465 1457 quaeLutetiae
1483 1401 1642 1456 prodiit
1660 1401 1781 1454 apud

334 1471 451 1512 Rob.
469 1469 757 1523 Stephanum.

568 1614 733 1656 IDEM
767 1614 850 1656 DE
881 1613 1247 1655 HISTORICIS
1281 1612 1538 1655 LATINIS

861 1702 982 1743 Part.
1002 1713 1052 1742 11.
1087 1701 1173 1742 Lit.
1197 1702 1253 1743 D.

331 1802 428 1844 Hic
462 1816 637 1857 quoque
667 1802 857 1856 aliquem
895 1800 980 1841 sibi
1008 1801 1152 1840 locum
1185 1800 1416 1853 postulare
1438 1800 1610 1841 videtur
1634 1800 1778 1841 Dares

331 1870 564 1924 Phrygius,
596 1869 666 1910 vel
705 1869 854 1922 potius
886 1865 1203 1920 supposititius
1240 1867 1442 1920 scriptor,
1477 1866 1551 1920 qui
1582 1867 1664 1907 sub
1695 1866 1778 1907 hoc

328 1937 502 1976 nomine
536 1936 850 1977 circumfertur.
911 1934 960 1974 Is
1002 1946 1059 1973 ex
1099 1932 1262 1974 Graeco
1297 1946 1324 1974 a
1364 1932 1571 1974 Cornelio
1601 1933 1777 1986 Nepote

328 2003 572 2044 translatus
593 2008 660 2044 est
679 2016 688 2043 :
722 2002 759 2042 si
783 2001 988 2055 epistolae
1011 2000 1169 2052 nugaci
1191 2001 1425 2049 credimus,
1457 2014 1558 2053 quae
1579 2000 1776 2052 praemit-

328 2071 445 2111 titur.
505 2070 611 2111 Scio
649 2069 813 2110 AEliani
862 2072 999 2109 aetate
1032 2067 1273 2108 etiamnum
1305 2068 1509 2108 extitisse
1539 2066 1776 2120 Phrygiam

328 2137 504 2178 Daretis
525 2137 729 2178 Iliadem.
791 2135 909 2176 Nam
938 2134 982 2175 id
1016 2135 1127 2175 satis
1149 2135 1287 2188 liquet
1317 2147 1376 2175 ex
1406 2133 1499 2187 ejus
1520 2133 1627 2174 Var.
1652 2132 1776 2173 Hist.

324 2204 354 2244 l.
374 2215 446 2245 Χι.
470 2218 508 2245 c.
532 2205 599 2244 ll.
661 2203 747 2244 Sed
776 2215 862 2243 non
893 2202 1061 2250 dubito,
1078 2201 1185 2254 quin
1206 2202 1331 2255 longe
1362 2201 1478 2241 alius
1498 2200 1630 2241 fuerit
1651 2200 1775 2241 Grae-

326 2284 405 2312 cus
438 2271 524 2312 ille.
586 2270 704 2311 Nam
739 2283 869 2323 quem
901 2282 985 2309 nos
1020 2269 1179 2309 Latine
1207 2268 1433 2318 habemus,
1468 2267 1581 2308 satis
1609 2267 1774 2320 prodit,

325 2350 371 2378 se
387 2339 562 2391 exiguae
583 2342 628 2378 et
649 2338 863 2378 doctrinae
887 2341 931 2378 et
953 2335 1112 2390 judicii
1137 2335 1290 2376 fuisse.
1351 2334 1494 2375 Plane
1525 2338 1672 2375 autem
1704 2347 1774 2374 ar-

323 2404 471 2453 bitror,
507 2417 605 2445 esse
639 2409 928 2445 commentum
967 2402 1178 2454 hominis,
1221 2402 1298 2455 qui
1337 2415 1424 2442 non
1457 2405 1545 2442 tam
1576 2401 1770 2451 verterit,

323 2485 453 2524 quam
476 2472 706 2525 scripserit
724 2471 898 2512 Latine:
930 2470 1064 2511 immo
1085 2470 1160 2523 qui
1189 2468 1306 2510 haud
1339 2468 1579 2509 admodum
1610 2467 1770 2519 Latine

323 2539 514 2588 sciverit,
551 2544 601 2578 ut
639 2539 817 2579 omnino
858 2539 900 2578 in
940 2537 1218 2590 Glandorpio
1252 2535 1470 2590 judicium
1506 2534 1769 2584 desiderem,

322 2617 421 2644 cum
443 2605 773 2646 translationem
795 2617 893 2646 eam
917 2603 1107 2658 Nepotis
1134 2616 1232 2644 esse
1254 2602 1453 2643 credidit.
1514 2602 1702 2655 Majoris
1725 2606 1771 2642 et

322 2670 593 2720 eruditionis,
613 2674 657 2711 et
677 2671 924 2724 elegantiae,
945 2675 1010 2711 est
1027 2670 1186 2723 Dictys
1200 2669 1447 2711 Cretensis:
1474 2668 1528 2709 de
1543 2682 1629 2722 quo
1645 2672 1769 2722 post-

319 2748 372 2775 ea
394 2737 603 2777 dicemus.
665 2738 811 2778 Dares
834 2737 1050 2790 Phrygius
1072 2749 1168 2777 cum
1197 2736 1305 2776 alibi
1338 2736 1486 2776 Mstus
1517 2739 1654 2783 extat,
1675 2737 1768 2775 tum

321 2800 631 2854 Cantabrigiae,
652 2805 691 2843 in
722 2803 989 2844 bibliotheca
1013 2802 1193 2852 Gaiana,
1224 2808 1266 2844 et
1294 2802 1473 2852 Oxouii‚
1497 2802 1538 2842 in
1571 2801 1767 2854 Collegio

323 2867 526 2909 Omnium
551 2868 822 2911 Animarum.
