1915 3231
358 310 414 351 22
703 321 808 352 JAc.
842 321 1100 353 PERizoNu
1137 321 1467 354 Dissmerrio

401 423 443 444 ex
461 419 605 456 utroque
621 413 751 447 Malela
766 415 901 448 scilicet
924 420 960 447 et
977 415 1150 457 Septimio.
1196 415 1398 456 Explicatur
1415 414 1573 446 Malelas.
1619 414 1699 448 XX.
1723 416 1808 447 Bar-

400 467 459 498 tliii
473 468 655 509 sententia,
667 468 840 500 credentis
854 469 994 501 Graecos
1004 469 1159 510 Septimii
1173 469 1278 500 nostri
1295 468 1495 509 opusculum
1507 468 1650 499 vertisse
1660 468 1694 500 in
1711 469 1809 500 Grae·

399 528 472 551 cam
489 520 650 561 linguam,
666 521 830 562 rejicitur.
871 521 1055 562 Septimius
1068 531 1110 552 ex
1125 521 1252 552 Malela
1268 521 1466 561 exponitur.
1509 520 1611 552 XXI.
1623 520 1808 552 Refeiiitur

397 582 502 612 porro
528 573 701 614 Bai-thius,
718 584 760 605 ex
777 575 1033 615 comparatione
1050 575 1138 606 sexti
1155 574 1232 605 libri
1248 583 1323 605 cum
1341 574 1482 605 Malela.
1527 574 1648 605 XXII.
1673 574 1808 606 Praeter

398 625 487 657 hunc
504 626 663 658 Graecum
679 627 819 668 Dictyn,
843 637 942 669 quem
957 628 1141 669 Septimius
1158 627 1275 667 vertit,
1297 631 1333 658 et
1358 627 1529 659 Cretensis
1552 627 1608 658 ilie
1631 627 1809 668 supposuit

399 683 552 719 tempore
571 679 733 719 Neronis,
751 681 861 711 nullus
877 680 995 711 extitit
1011 681 1095 711 alius
1111 684 1168 711 aut
1184 679 1354 721 antiquior
1369 680 1466 710 istius
1483 679 1625 710 nominis
1640 679 1808 720 Scriptor.

399 731 539 763 XXIII.
553 732 773 773 Suppositum
787 733 876 764 hunc
892 732 1022 774 Dictyn
1039 742 1105 764 non
1122 732 1229 764 fuisse
1244 732 1400 773 Trojanae
1421 732 1650 773 expeditionis
1676 733 1805 764 socium

397 785 576 826 probatur,
600 788 630 816 1.
654 795 698 816 ex
713 786 882 817 erroribus
900 786 974 827 ejus
990 786 1185 818 Histoi-icis.
1231 785 1362 818 XXIV.
1385 789 1416 817 2.
1433 786 1484 817 Ex
1500 784 1653 817 Po'e‘ticis
1670 785 1808 825 figmen-

397 838 441 869 tis
458 839 617 870 historice
632 839 674 870 ab
691 839 765 880 ipso
777 839 927 871 traditis.
973 840 1089 871 XXV.
1119 843 1150 871 3.
1178 839 1277 872 Quod
1293 839 1366 880 jam
1391 844 1473 870 tnnc
1497 838 1658 880 Trojanos
1673 848 1807 879 semper

397 896 497 923 vocat
513 891 696 928 Barbaros,
713 892 770 933 qui
787 892 883 923 istius
902 892 1060 924 vocabuli
1077 902 1152 923 usus
1167 893 1272 923 serior
1287 896 1349 923 est.
1384 891 1517 923 XXVI.
1543 897 1574 923 4.
1592 891 1691 925 Quod
1703 892 1806 923 Thes·

395 945 513 976 saliam
534 945 699 985 nominat,
725 946 972 985 ‘Corinthum‚’
994 951 1030 977 et
1054 946 1240 987 Corcyram
1266 944 1497 985 ‘Melaenam‚’
1512 955 1588 986 quae
1606 945 1805 985 posterioris

395 1004 475 1029 sunt
503 999 676 1038 temporis.
729 999 884 1031 XXVII.
915 1003 946 1030 5.
969 999 1069 1032 Quod
1095 999 1138 1030 de
1163 999 1302 1030 Punicis
1328 999 1434 1029 literis
1462 999 1511 1028 ait
1541 1002 1576 1029 et
1603 997 1805 1030 diversitate

394 1051 559 1081 sermonis
581 1052 613 1082 in
630 1051 781 1083 Graecia.
826 1051 1000 1083 XXVIII.
1017 1054 1048 1082 6.
1065 1051 1163 1084 Quod
1179 1051 1281 1082 toties
1294 1060 1387 1082 suam
1404 1049 1504 1081 fidem
1519 1050 1750 1090 commendat,
1767 1056 1804 1082 ut

394 1105 506 1136 solent
528 1106 626 1137 malae
656 1106 736 1138 fidei
763 1107 928 1138 homines.
973 1107 1107 1138 XXIX.
1130 1107 1263 1147 Dictyn
1292 1107 1381 1137 hunc
1411 1106 1641 1147 composuisse
1669 1106 1805 1138 videtur

394 1158 516 1189 Praxis
529 1168 587 1189 seu
602 1159 816 1199 Eupraxides
831 1159 1017 1200 Cretensis,
1030 1168 1175 1201 eumque
1193 1159 1321 1191 Neroni
1337 1159 1509 1198 obtulisse,
1526 1163 1563 1189 ut
1575 1159 1748 1199 praemium
1761 1158 1804 1189 ab

393 1220 433 1242 eo
457 1217 734 1253 consequeretur,
754 1212 843 1253 quod
871 1218 905 1243 et
921 1217 1123 1244 consecutus
1142 1217 1205 1252 est,
1223 1217 1326 1252 utque
1345 1211 1584 1252 antiquitatem
1602 1211 1805 1243 mentiretur

393 1263 566 1304 scripsisse
582 1274 656 1295 earn
675 1264 782 1295 literis
799 1264 939 1295 Punicis
956 1269 992 1296 et
1008 1264 1041 1295 in
1051 1265 1214 1305 Pliilyris.
1265 1264 1382 1295 XXX.
1407 1264 1575 1305 Prologus
1592 1264 1706 1296 Latini
1722 1264 1804 1295 Dic·

393 1321 468 1356 tyos
485 1316 621 1347 videtur
637 1316 762 1348 Graece
779 1316 922 1356 primum
935 1316 1097 1358 scriptus,
1114 1322 1148 1348 et
1164 1317 1243 1348 dein
1260 1318 1382 1348 Latine
1399 1327 1527 1353 versuS,
1543 1316 1603 1348 sed
1625 1322 1704 1358 post
1719 1317 1803 1357 Sep-

392 1368 477 1400 timii
496 1374 661 1410 tempora.
706 1369 846 1401 XXXI.
872 1370 1050 1410 Inter-pres
1077 1375 1190 1401 tamen
1217 1370 1274 1401 ille
1296 1369 1566 1401 accommodavit
1587 1379 1664 1401 eum
1685 1371 1803 1402 Latino

391 1422 524 1462 Dictyi‚
538 1427 574 1453 et
590 1422 717 1453 erravit
733 1422 766 1453 in
780 1432 832 1458 eo,
849 1422 937 1463 quod
954 1423 1079 1463 Dictyn
1103 1422 1235 1454 Punice
1258 1423 1436 1463 scriptum,
1461 1428 1496 1453 et
1520 1422 1646 1454 Graece
1670 1432 1802 1455 versum

391 1475 508 1507 tradit.
540 1476 698 1507 XXXII.
711 1476 869 1516 Septimii
883 1476 1038 1516 Epistola
1052 1476 1199 1516 genuina
1214 1481 1280 1516 est,
1297 1481 1417 1507 contra
1431 1486 1530 1517 qnam
1544 1476 1652 1508 sensit
1667 1477 1802 1508 Merce-

390 1538 461 1568 rus,
478 1529 576 1569 cujus
594 1529 740 1560 rationes
758 1528 974 1562 refelluntur.
1020 1529 1197 1561 XXXIII.
1215 1530 1372 1570 Septimii
1386 1534 1468 1560 aetas
1486 1539 1528 1560 ex
1546 1529 1589 1562 Q.
1601 1528 1718 1561 Aradii
1734 1530 1803 1562 Ru-

389 1581 461 1620 fini,
484 1581 538 1613 cui
570 1581 756 1622 Epistolam
782 1581 970 1622 inscripsit,
1001 1587 1104 1613 aetate
1130 1587 1184 1614 est
1213 1583 1419 1623 indaganda.
1461 1583 1626 1614 Homines
1651 1584 1804 1623 plurimis

389 1634 579 1665 nominibus
594 1635 872 1666 Constantiniana
889 1636 1013 1666 saeculo
1031 1635 1179 1676 praediti,
1202 1636 1321 1667 ultimo
1347 1636 1493 1667 maxime
1519 1636 1690 1677 designari
1715 1637 1800 1668 sole-

390 1687 484 1717 bant.
521 1687 688 1718 XXXIV.
712 1688 755 1721 Q.
783 1688 903 1720 Aradii
930 1689 1044 1720 Rufini
1066 1695 1150 1721 aetas
1176 1689 1368 1730 indagatur,
1393 1694 1429 1721 et
1455 1689 1586 1721 familia
1611 1689 1802 1724 ordinatur.

389 1740 538 1772 XXXV.
561 1741 746 1781 Septimius
771 1741 906 1772 videtur
930 1742 1117 1773 Senatoriae
1141 1741 1247 1773 fuisse
1274 1743 1461 1782 dignitatis,
1479 1741 1654 1774 familiaris
1670 1743 1798 1784 quippe

389 1793 447 1823 isti
465 1793 598 1831 Rufino,
625 1800 661 1824 et
676 1793 763 1825 forte
780 1796 834 1825 vel
859 1796 998 1833 Bassus,
1015 1796 1065 1826 vel
1083 1794 1295 1837 Acindynus,
1313 1796 1371 1837 qui
1387 1794 1552 1827 Praefecti
1574 1793 1711 1827 fuerunt
1732 1796 1798 1827 Ur-

388 1844 450 1876 bis.
497 1846 670 1878 XXXVI.
693 1847 788 1878 Vixit
814 1852 966 1888 tempore
984 1849 1188 1880 Diocletiani
1203 1853 1238 1880 et
1255 1850 1355 1889 paulo
1381 1853 1469 1889 post,
1492 1848 1656 1889 istamque
1672 1849 1798 1880 versio-

390 1907 464 1928 nem
499 1898 583 1930 fecit
610 1899 726 1931 forsan
752 1900 830 1932 odio
858 1901 1118 1932 Christianismi.
1164 1902 1356 1933 XXXVII.
1382 1901 1586 1942 Errant,qui
1603 1910 1680 1932 eum
1696 1901 1797 1942 longe

387 1950 478 1982 iufra
502 1952 760 1984 Constantinum
775 1954 970 1985 demittunt.
1017 1954 1226 1986 XXXVIII.
1251 1955 1364 1996 Magis
1386 1960 1499 1986 autem
1525 1954 1719 1996 Scioppius,
1739 1955 1797 1995 qui

389 2013 466 2035 eum
481 2009 516 2036 et
531 2005 606 2046 ejus
622 2007 746 2047 stylum
769 2009 921 2047 proxime
939 2007 981 2038 ad
999 2008 1101 2039 Corn.
1129 2008 1300 2049 Nepotem
1325 2007 1489 2039 accedere
1509 2012 1641 2039 censet.
1683 2007 1798 2048 Septi-

389 2058 509 2088 mianae
535 2058 715 2090 locutionis
731 2061 888 2100 exempla
911 2060 953 2090 ab
977 2070 1049 2090 aevo
1068 2060 1214 2101 Nepotis
1231 2061 1351 2092 aliena.
1396 2060 1571 2092 XXXIX.
1594 2059 1699 2091 Varia
1711 2059 1797 2100 Sep·

392 2111 519 2142 tinniani
549 2112 692 2153 Dictyos
718 2113 795 2143 loca
821 2113 1057 2145 emendantur.
1101 2114 1177 2145 XL.
1200 2113 1279 2146 Alia
1306 2114 1522 2145 vindicantur
1547 2123 1568 2145 a
1587 2113 1795 2154 conjecturis

389 2164 440 2195 Cl.
458 2163 643 2204 vindingii.
688 2165 783 2197 XLI.
809 2165 981 2197 Nonnulla
1002 2167 1088 2198 male
1104 2167 1221 2198 itidem
1238 2166 1281 2198 ab
1296 2176 1338 2199 eo
1354 2171 1500 2207 tentata,
1516 2175 1580 2198 nec
1595 2166 1679 2198 satis
1695 2166 1795 2198 intel-

386 2217 489 2257 lecta,
506 2218 734 2258 explicantur.

346 2315 377 2344 1.
411 2304 610 2345 DicTYN
643 2304 914 2356 Cretensem,
936 2306 1159 2348 Idomenei
1188 2307 1457 2349 Cretensium
1478 2306 1636 2359 Reguli
1655 2307 1794 2348 comi-

343 2377 429 2414 tem
457 2372 501 2412 in
527 2372 644 2412 bello
665 2373 875 2427 Trojano,
908 2375 1034 2428 cujus
1062 2375 1237 2416 nomine
1260 2375 1508 2416 Historiam
1529 2373 1662 2415 istius
1689 2374 1793 2415 belli

342 2438 528 2479 laudant
558 2439 726 2491 passim
749 2439 897 2481 Graeci
928 2441 1208 2491 Scholiastae,
1230 2441 1535 2490 Gmmmatici,
1558 2440 1791 2491 Rhetores,

343 2505 660 2547 Chronicorum
691 2506 955 2560 Scriptore8‚
979 2509 1056 2563 qui
1084 2509 1258 2550 fuerunt
1289 2509 1480 2562 sequiori
1507 2520 1619 2558 aevo,
1640 2507 1718 2549 sed
1747 2513 1794 2548 et

342 2587 468 2615 suum
491 2575 662 2615 ornavit
681 2575 874 2616 libellum
896 2577 1152 2630 Septimius,
1174 2577 1211 2617 si
1232 2576 1426 2617 maxime
1446 2575 1588 2616 isthoc
1617 2574 1791 2616 nomine

341 2641 452 2681 inter
475 2641 700 2682 Idomenei
718 2643 900 2683 comites
922 2644 1153 2697 quisquam
1172 2643 1335 2693 extitit,
1351 2642 1460 2682 nihil
1489 2646 1636 2683 tamen
1652 2641 1794 2696 scrip-

345 2708 460 2748 sisse
482 2713 524 2749 et
544 2710 736 2761 posteris
757 2710 1008 2764 prodidisse
1029 2715 1176 2752 certus
1198 2723 1309 2752 sum.
1369 2708 1489 2760 Quin
1505 2708 1638 2749 miror
1650 2708 1792 2751 fuisse

344 2775 552 2815 Eruditos
582 2788 681 2817 cum
716 2776 862 2830 hujus,
884 2781 971 2818 tum
1007 2779 1202 2832 pristinae
1240 2778 1397 2827 aetatis,
1418 2776 1577 2830 quibus
1610 2789 1790 2831 persua-

347 2841 438 2881 deri
462 2843 608 2894 potuit
630 2848 720 2884 tam
744 2844 913 2897 antiqui
936 2858 1036 2885 vcro
1056 2844 1244 2886 hominis
1267 2856 1378 2895 esse,
1403 2844 1522 2898 quod
1544 2857 1595 2885 co
1616 2843 1790 2885 nominc
