1915 3231
538 348 600 377 DE
637 347 791 377 BELLo
824 347 1048 378 TROJANO
1081 349 1178 379 Lm.
1212 350 1274 381 vr.
1530 339 1615 382 283

171 449 237 490 us,
259 439 336 493 qui
365 452 449 480 una
475 439 530 480 ad
553 441 776 482 oraculum
800 444 1019 491 venerant,
1049 441 1286 483 contemtui
1312 441 1523 484 habentes
1544 457 1613 484 as-

170 506 362 547 cendunt
381 519 553 556 navem,
573 507 807 561 medioque
820 507 908 548 fere
928 508 1076 561 spatio
1092 508 1271 548 fulmine
1292 508 1367 549 icti
1388 510 1614 550 intereunt.

170 571 359 622 Interim,
379 573 445 613 uti
466 573 720 626 praedictum
743 573 956 615 divinitus
975 579 1084 625 erat,
1101 574 1255 615 eodem
1276 575 1369 616 ictu
1386 574 1614 617 fulminum

168 638 328 680 sedata
346 640 416 680 vis
437 640 554 689 mali,
586 641 878 694 immersaque
909 641 1033 691 mari,
1062 647 1107 682 et
1131 641 1252 694 regio
1281 642 1424 682 omnis
1446 642 1616 695 repleta

167 704 378 758 frugibus.
435 707 538 759 [12]
568 706 654 748 Per
672 707 789 748 idem
810 713 981 762 tempus
1002 708 1340 762 Neoptolemus,
1359 708 1614 749 confirmato

161 771 255 825 jam
276 785 375 813 cum
397 773 674 815 Hermiona4
698 775 993 826 matrimonio,
1024 775 1227 829 Delphos
1250 774 1307 816 ad
1327 773 1582 827 Apollinem
1597 781 1614 796 x

167 839 447 891 gratulatum,
479 841 597 894 quod
618 842 662 882 in
692 845 916 882 auctorem
937 846 1132 895 paternae
1153 841 1292 883 caedis
1312 840 1614 882 Alexandrum

169 905 436 947 vindicatum
473 912 608 958 esset,
657 907 959 962 proficiscitur,
998 908 1149 949 relicta
1188 908 1234 948 in
1272 906 1404 948 domo
1440 905 1615 947 Andro·

166 972 338 1022 macha,
352 973 539 1028 ejusque
555 974 648 1015 filio
665 974 979 1025 Laodamante,
994 975 1067 1028 qui
1083 974 1299 1028 reliquus⁵
1314 973 1408 1028 jam
1422 973 1614 1014 filiorum

167 1037 381 1080 Hectoris
420 1041 713 1094 superfuerat.
771 1041 860 1082 Sed
896 1040 1176 1082 Hermionay
1215 1045 1320 1094 post
1352 1040 1613 1081 abscessum

166 1105 264 1155 viri,
288 1106 407 1148 victa
427 1107 576 1148 dolore
596 1107 747 1158 animi,
775 1120 917 1161 neque
937 1107 1188 1160 pellicatum
1209 1108 1398 1161 captivae
1420 1107 1612 1161 patiens,

166 1177 388 1224 parentem
408 1187 537 1214 suum
567 1174 817 1216 Menelaum
840 1175 1027 1216 accitum
1047 1175 1206 1216 mittit:
1239 1174 1327 1224 cui,
1354 1175 1489 1214 multa
1507 1185 1613 1214 con·-

167 1245 328 1294 questa
362 1254 490 1295 super
519 1232 679 1296 injuria
704 1242 903 1296 praelatae
925 1242 1011 1283 sibi
1032 1254 1059 1283 a
1077 1242 1171 1283 viro
1190 1242 1383 1295 captivae
1405 1240 1611 1290 mulieris,

772 1368 1007 1382 oooooooooooo

205 1456 224 1484 4
249 1454 374 1496 Delph.
390 1455 572 1496 Hermione,
589 1460 624 1488 et
640 1457 687 1488 sie
705 1456 903 1497 passim—5
928 1455 1052 1496 Delph.
1067 1455 1204 1496 reliquis.

820 1584 960 1617 NOTAE

207 1670 222 1686 ¹
244 1666 383 1706 Delphos
397 1668 438 1698 ad
450 1668 640 1709 Apollinem]
655 1669 860 1701 Scholiastes

163 1715 304 1747 Pindari
331 1715 400 1748 Od.
424 1719 456 1748 7.
492 1717 591 1749 Nem.
606 1724 642 1749 et
657 1719 861 1751 Scholiastes

915 1669 972 1701 Ita
994 1669 1083 1700 enirn
1109 1668 1290 1709 Euripides
1314 1667 1347 1698 in
1365 1666 1615 1699 Andromacha,

917 1719 1163 1759 Neoptolemus
1178 1718 1248 1749 abit
1261 1717 1426 1758 Delphos,
1442 1717 1612 1757 placatum

163 1765 337 1805 Euripidis
361 1766 393 1797 in
413 1766 549 1802 Oreste,
569 1769 724 1800 scribunt
745 1769 861 1810 Neop-

163 1816 324 1847 tolemum
342 1817 493 1858 Delphos
509 1818 715 1859 profectum,
730 1825 768 1850 ut
783 1830 862 1852 con-

161 1866 292 1897 suleret
327 1868 499 1898 oraculum
541 1878 644 1909 super
679 1870 862 1902 sterilitate

163 1915 373 1956 Hermionae,
389 1927 463 1958 quae
480 1919 590 1949 nullos
605 1919 654 1950 illi
674 1920 789 1952 liberis
806 1931 866 1961 pa·

163 1965 285 1998 riebat.
338 1966 527 2007 Euripides,
551 1969 584 1999 in
613 1968 867 2010 Andromacha,

163 2015 212 2047 ait
225 2026 301 2047 eum
313 2017 464 2057 Delphos
480 2017 685 2059 profectum,
698 2024 736 2050 ut
753 2021 868 2060 placa-

162 2071 216 2097 ret
240 2065 443 2106 Apollinem,
465 2077 563 2108 quem
587 2073 686 2100 antea
710 2074 863 2110 paternae

164 2115 268 2146 caedis
301 2117 502 2156 postularat.
546 2118 602 2149 Sic
631 2118 733 2157 enim,
761 2118 863 2151 Ἀπὼν

164 2167 300 2205 Δελφῶν
315 2166 383 2196 κατ’
408 2165 488 2207 αἶαν,
513 2165 584 2198 ἔνθα
598 2167 690 2209 Λοξίᾳ
705 2167 794 2206 δίκην
807 2169 861 2201 Δι’-

161 2217 237 2247 δωσι
259 2216 380 2257 μανίας,
407 2217 445 2254 ἥν
469 2218 549 2255 ποτ’,
576 2218 607 2249 ἐς
634 2219 724 2249 Πυθὼ
745 2220 860 2259 μολὼν,

158 2266 279 2304 ’‘Hi-noe
318 2267 432 2301 Φοῖβον
456 2267 572 2307 πατρὸς
599 2265 635 2298 οῧ
663 2280 736 2300 τινει
760 2269 861 2310 δίκην,

164 2318 229 2348 &c.
258 2316 348 2356 apud
380 2325 456 2347 eum
482 2316 731 2359 Andromacha,
768 2319 858 2351 ‘Ab-

162 2375 241 2396 sens
274 2365 485 2406 Delphorum
516 2367 611 2398 circa
640 2373 776 2408 terram,
802 2370 860 2401 ubi

161 2414 314 2455 Apollini
333 2425 448 2455 poenas
463 2416 532 2446 Dat
547 2415 683 2455 furoris,
699 2428 765 2459 quo
780 2419 859 2450 olim

163 2465 205 2496 ad
243 2465 438 2497 Puthonem
476 2466 628 2506 veniens,
666 2468 862 2500 Postulavit

162 2515 328 2547 Phoebum
354 2515 459 2546 caedis
477 2521 629 2556 paternae
648 2518 743 2558 cujus
762 2519 863 2549 solvit

162 2565 304 2606 paenas!
345 2566 471 2596 Verum
503 2566 558 2596 alii
588 2565 768 2606 affirmant,
794 2568 864 2598 Ne—

162 2617 371 2656 optolemum
400 2615 555 2655 Delphos
586 2616 701 2655 ivisse,
723 2621 761 2647 ut
788 2617 862 2658 ejus

162 2666 324 2705 templum
349 2666 526 2705 expilaret.
571 2666 617 2696 Et
640 2675 714 2696 eam
731 2666 864 2706 opinio-

162 2724 240 2745 nem
257 2715 519 2746 verisimiliorem
535 2715 620 2746 dicit
635 2715 750 2746 Strab.
765 2724 819 2747 lx.

205 2769 218 2790 5
240 2764 302 2795 Sed
318 2765 490 2796 Hermiona
507 2763 711 2805 [Hermione]
725 2768 794 2805 post
808 2765 861 2796 ab·

163 2824 293 2846 scessum
307 2814 385 2854 viri]
421 2815 521 2846 Hanc
546 2815 719 2845 historiam
746 2815 860 2846 hausit

162 2874 206 2895 cx
234 2863 414 2904 Euripide,
436 2864 618 2895 immutatis
645 2864 858 2905 quibusdam.

915 1768 1107 1809 Apollinem
1123 1778 1223 1810 quem
1244 1773 1394 1808 paternae
1417 1767 1519 1798 caedis
1534 1768 1612 1798 olim

915 1819 1128 1859 postularat:
1145 1823 1220 1859 post
1236 1818 1310 1858 ejus
1323 1817 1507 1848 discessum
1524 1817 1613 1847 Her-

915 1867 1039 1906 mione,
1054 1877 1090 1898 se
1112 1868 1269 1907 zelotype
1296 1866 1423 1897 habens
1446 1875 1527 1904 erga
1543 1864 1614 1896 An-

914 1915 1133 1955 dromachen,
1158 1916 1191 1947 ei
1215 1924 1333 1947 necem
1354 1915 1526 1955 liberoque
1543 1914 1613 1954 ejus

912 1967 1063 1998 Molosso
1074 1966 1277 2003 machinata,
1288 1965 1480 1996 Menelaum
1499 1974 1614 1995 accer-

913 2018 970 2049 sit.
1015 2017 1253 2048 Andromacha
1266 2015 1299 2046 id
1312 2015 1451 2046 audiens
1468 2023 1612 2055 puerum

913 2067 1093 2108 ablegavit,
1109 2067 1249 2107 ipsaque
1273 2064 1363 2105 fugit
1383 2064 1424 2095 ad
1448 2065 1612 2104 templum

912 2117 1079 2149 Thetidis.
1123 2116 1190 2147 Sed
1208 2115 1263 2157 qui
1280 2125 1355 2146 cum
1372 2115 1531 2146 Menelao
1555 2124 1612 2145 ve-

913 2172 1048 2203 nerant,
1069 2171 1105 2198 et
1129 2166 1234 2197 filium
1258 2166 1474 2205 invenerunt,
1489 2165 1612 2205 ipsam-

914 2227 980 2257 que
1018 2217 1197 2257 deceptam
1239 2215 1434 2246 eduxerunt
1471 2214 1612 2253 templo,

908 2267 1046 2307 jamque
1069 2271 1250 2306 utrumque
1267 2269 1364 2295 erant
1386 2262 1616 2301 interfecturi,

914 2325 991 2347 cum
1004 2316 1209 2347 adveniente
1220 2315 1340 2354 Peleo,
1350 2312 1510 2353 prohibiti
1521 2317 1613 2342 sunt.

913 2367 1092 2397 Menelaus
1108 2365 1210 2396 rediit
1233 2365 1406 2404 Spartam,
1425 2361 1611 2392 Hermione

914 2421 1026 2447 autem
1045 2415 1279 2457 poeuitentiam
1304 2412 1489 2451 simulavit,
1506 2412 1614 2442 verita

914 2466 1132 2506 praesentiam
1151 2464 1380 2504 Neoptolemi.
1418 2462 1613 2493 Adveniens

915 2520 1027 2546 autem
1054 2515 1207 2550 Orestes,
1233 2513 1452 2544 Hermionem
1474 2511 1612 2553 quidem

913 2565 1050 2595 reduxit
1066 2565 1223 2604 Spartam
1236 2568 1271 2593 et
1284 2561 1509 2601 Neoptolemo
1521 2559 1612 2600 apud

915 2614 1069 2654 Delphos
1087 2612 1227 2644 insidias
1251 2611 1387 2643 struxit.
1431 2611 1535 2651 Isque
1561 2611 1611 2640 in-

913 2663 1081 2695 terfectus
1111 2666 1317 2703 asportatur.
1361 2661 1467 2691 Peleo
1496 2664 1610 2690 autem

914 2714 1042 2745 volenti
1057 2713 1172 2754 lugere
1188 2717 1356 2743 mortuum
1372 2710 1492 2742 Thetis
1506 2720 1610 2750 appa-

914 2774 1005 2803 renS,
1028 2764 1116 2795 hunc
1132 2763 1266 2804 quidem
1286 2763 1392 2802 jussit
1414 2762 1448 2793 in
1464 2762 1611 2802 Delphis

912 2813 1061 2854 sepeliri,
1086 2812 1354 2844 Andromacham
1380 2817 1493 2844 autern
1520 2811 1610 2843 mitti

914 2863 957 2895 ad
974 2863 1140 2894 Molossos
1156 2871 1231 2893 cum
1250 2870 1365 2902 puero.
