1915 3231
283 359 369 401 342
872 369 1147 401 APPENDix.

287 473 494 511 accurato
508 469 684 523 judicio
706 469 982 512 emaculatus
1004 470 1170 524 pariter
1189 472 1317 524 atque
1337 469 1592 520 illustratus,
1620 483 1733 519 eum,

285 536 331 576 in
354 548 442 589 quo
467 548 583 577 nunc
606 540 848 589 comparet,
873 536 1149 590 splendorem
1179 537 1370 590 accepit.
1429 537 1540 591 Ipsa
1565 550 1635 578 res
1653 537 1733 578 do·

285 604 420 653 cebit,
451 607 496 643 et
527 603 739 657 subjectae
774 603 918 644 textui
951 607 1084 653 notae,
1118 604 1225 657 quid
1261 605 1308 644 in
1337 604 1421 645 hac
1451 604 1642 645 editione
1676 604 1734 644 sit

284 670 550 723 praestitum,
587 669 643 710 ad
673 682 806 723 quam
847 669 1003 711 Codex
1035 669 1184 712 Mstus
1214 669 1507 711 Bibliothecae
1539 669 1732 723 publicae

286 735 683 788 ArgentoratensiS,
704 736 810 778 licet
835 737 934 791 ipse
963 750 1050 778 non
1071 738 1234 792 ubique
1255 739 1381 779 bonae
1401 741 1532 786 notae,
1559 749 1636 777 nec
1658 749 1733 777 ve-

284 805 467 843 tustatis
490 804 662 856 primae,
683 804 836 844 multis
856 808 1001 845 tamen
1021 805 1065 845 in
1082 805 1198 846 locis
1217 805 1358 846 facem
1381 804 1582 857 praetulit.
1641 802 1733 844 Ac·

284 870 417 909 cessit
454 869 608 923 Dictyi
631 870 809 910 Daretis
842 870 1022 925 Phrygii
1043 870 1098 912 de
1128 870 1319 912 Excidio
1347 871 1497 925 Trojae
1518 869 1732 918 Historia,

286 948 377 985 seu,
400 937 438 976 si
454 937 612 985 mavis,
634 937 856 978 Periocha
876 938 1085 978 carminis
1106 937 1243 987 illius,
1260 937 1378 991 quod
1392 950 1473 978 sex
1485 937 1609 977 libris
1623 936 1733 977 His-

285 1002 442 1043 toriam
468 1001 521 1042 de
542 1001 671 1042 Bello
692 1001 890 1056 Trojano
912 1003 1110 1053 exhibet,
1132 1008 1178 1044 et
1201 1003 1389 1058 explosa
1401 1004 1496 1058 Jam
1517 1003 1687 1057 pridem
1706 1015 1734 1043 a

286 1068 431 1108 doctis
460 1068 763 1121 inscriptione,
790 1069 981 1110 Cornelii
1012 1068 1205 1122 Nepotis
1234 1082 1394 1110 nomen
1423 1070 1610 1123 praefert,
1631 1082 1733 1110 cum

282 1146 415 1174 verus
435 1134 529 1187 ejus
549 1138 701 1175 auctor
731 1135 791 1176 sit
819 1134 1048 1188 ,Iosephus
1078 1135 1324 1185 Devonius,
1348 1148 1385 1176 s.
1408 1135 1611 1183 Iscanus,
1640 1133 1734 1175 An·

285 1200 404 1252 glus:
451 1213 509 1241 ex
539 1214 628 1254 quo
664 1214 800 1255 opere
834 1202 872 1242 si
902 1202 1257 1243 consarcinatam
1283 1202 1384 1256 quis
1412 1202 1525 1243 hanc
1556 1202 1733 1243 Daretis

283 1279 460 1320 prosam
497 1267 676 1318 dixerit,
697 1269 828 1310 nobis
858 1282 946 1310 non
975 1268 1104 1311 valde
1136 1269 1290 1310 invitis
1317 1268 1363 1309 id
1394 1268 1481 1311 fiet.
1541 1268 1598 1309 Et
1630 1281 1733 1309 eum

283 1335 460 1388 quidem
483 1335 706 1386 Daretem,
728 1336 849 1390 quod
869 1336 1084 1378 hactenus
1105 1336 1361 1377 individuus
1378 1348 1525 1378 comes
1540 1336 1733 1389 Dictyos

282 1401 382 1451 fuit,
403 1401 544 1442 eidem
565 1415 682 1444 nunc
704 1416 881 1457 quoque
898 1403 1132 1458 adjungere
1151 1403 1292 1444 visum
1314 1407 1394 1452 est,
1411 1406 1589 1457 propter
1608 1415 1735 1456 argu-

283 1469 419 1509 menti
442 1468 791 1520 similitudinem,
814 1482 1069 1523 quanquam
1085 1474 1238 1511 cetera
1254 1469 1321 1510 illi
1336 1470 1593 1523 neutiquam
1614 1483 1733 1511 com-

284 1535 541 1588 parandum.
601 1535 655 1577 In
676 1542 772 1578 tota
792 1541 936 1579 autem
962 1537 1045 1578 hac
1072 1537 1269 1578 editione
1295 1537 1483 1592 Dictyos
1502 1537 1734 1591 Typogra-

283 1602 373 1655 pho
395 1606 440 1643 et
457 1603 587 1644 nobis
606 1615 660 1644 ea
678 1603 774 1644 sola
794 1616 900 1644 cura
928 1604 1023 1654 fuit,
1043 1605 1093 1645 ut
1114 1617 1245 1657 quam
1266 1604 1652 1645 emendatissimus
1674 1617 1733 1645 ex

284 1668 456 1710 officina
475 1669 689 1723 prodiret,
712 1675 759 1712 et
788 1671 1004 1712 studiosae
1026 1671 1055 1713 J
1060 1671 1284 1714 uventutis
1305 1671 1462 1712 usibus
1483 1683 1732 1712 accommo-

283 1734 434 1785 datus,
454 1736 710 1791 adjunctum
741 1737 875 1778 etiam
905 1737 1086 1779 haberet
1117 1737 1314 1779 Iudicem
1344 1750 1486 1779 rerum
1508 1742 1553 1778 et
1572 1751 1733 1779 vocum

283 1801 645 1856 locutionumque
686 1804 987 1855 insigniorum,
1026 1805 1071 1845 in
1111 1805 1272 1859 quibus
1307 1817 1406 1846 cum
1444 1804 1732 1845 Sallustianae

282 1867 541 1910 imitationis
570 1883 658 1910 non
689 1871 881 1912 obscura
911 1877 1156 1925 appareant
1183 1872 1385 1924 vestigia,
1403 1871 1450 1912 in
1469 1871 1564 1920 illa,
1581 1870 1733 1925 quoad

285 1933 378 1975 fieri
398 1935 545 1987 potuit
569 1935 615 1976 in
641 1936 802 1987 indice,
823 1937 1006 1990 digitum
1033 1937 1313 1979 intendimus.
1371 1937 1600 1991 Siquidem
1624 1949 1732 1978 non-

285 2001 389 2042 nihil
420 2002 554 2043 etiam
585 2004 670 2045 hoc
702 2004 759 2045 ad
790 2004 1206 2046 commendationem
1236 2004 1428 2059 Dictyos
1449 2003 1598 2045 facere
1619 2005 1734 2045 arbi·

288 2068 389 2109 trati
417 2081 586 2120 sumus,
608 2071 646 2111 si
676 2071 985 2122 ostenderetur,
1006 2084 1106 2112 eum
1136 2084 1238 2113 cum
1269 2071 1451 2125 optimis
1476 2071 1734 2112 auctoribus

285 2135 425 2176 alieno
445 2136 551 2176 licet
573 2137 736 2178 saeculo
754 2137 954 2178 locutum
975 2150 1092 2179 esse.
1148 2137 1371 2192 Optamus
1393 2136 1509 2177 enim
1530 2137 1576 2177 in
1595 2137 1735 2178 mani—

284 2203 369 2242 bus
389 2201 505 2244 hunc
527 2208 753 2245 auctorem
773 2217 885 2254 esse,
905 2217 958 2246 eo
979 2204 1113 2245 etiam
1133 2204 1326 2254 nomine,
1349 2203 1467 2257 quod
1486 2215 1557 2244 res
1576 2202 1735 2257 Troja-

285 2282 373 2320 nae,
395 2274 439 2311 et
459 2284 606 2312 earum
627 2272 814 2325 scriptor
841 2272 1050 2326 proprius
1080 2271 1320 2321 Homerus,
1337 2274 1460 2312 tanta
1488 2271 1591 2312 olim
1615 2271 1735 2324 apud

287 2349 437 2377 omnes
459 2337 746 2379 aestimatione
779 2339 971 2389 fuerunt,
997 2343 1046 2380 ut
1075 2351 1202 2380 nemo
1231 2351 1321 2379 non
1351 2337 1607 2387 Poetarum,
1629 2338 1734 2390 quin

285 2407 327 2444 et
363 2403 574 2445 Oratores
610 2405 977 2459 Philosophique‚
1009 2406 1225 2459 exemplis
1256 2409 1302 2445 et
1332 2403 1597 2457 argumentis
1630 2403 1735 2444 inde

286 2470 568 2523 potissimum
588 2472 785 2525 repetitis
805 2485 913 2513 suos
936 2472 1075 2513 libros
1101 2471 1397 2525 impleverint,
1417 2470 1581 2523 quibus
1607 2469 1735 2510 intel-

285 2537 485 2590 ligandis,
501 2550 599 2578 cum
614 2538 828 2580 rarissimi
844 2539 995 2594 ipsum
1014 2538 1256 2579 Homerum
1271 2538 1433 2590 legant,
1444 2537 1541 2578 haec
1561 2535 1734 2578 Iliados

286 2604 551 2657 compendia
578 2609 764 2658 possunt
795 2606 944 2648 lumen
963 2605 1183 2659 praeferre.
1244 2603 1470 2645 Suaserim
1500 2603 1649 2656 itaque
1679 2615 1733 2644 ea

285 2670 491 2712 teneriori
522 2671 664 2713 adhuc
693 2671 928 2715 Juventuti
958 2673 1100 2727 prius,
1133 2684 1264 2726 quam
1293 2671 1486 2724 reliquos
1515 2673 1734 2721 auctores,

292 2736 461 2778 Poetas
500 2739 759 2792 cumprimis
800 2740 988 2789 evolvat,
1021 2739 1066 2780 in
1103 2750 1259 2780 manus
1292 2737 1399 2778 dari.
1478 2735 1563 2777 Cui
1597 2737 1730 2779 etiam

287 2803 362 2844 fini
394 2803 508 2845 hanc
543 2817 694 2847 curam
726 2807 972 2860 impensam
1006 2819 1119 2856 esse,
1150 2806 1205 2847 B.
1235 2804 1286 2845 L.
1315 2804 1429 2846 scias
1458 2804 1603 2845 velim.
1660 2804 1732 2846 Tu

287 2869 432 2911 studia
450 2871 547 2913 haec
569 2877 719 2915 nostra
739 2878 780 2915 et
802 2879 906 2916 vota
927 2875 1032 2916 boni
1052 2872 1248 2915 consule.
