1915 3231
598 299 661 329 DE
694 298 850 329 sunno
882 298 1107 329 TROJANO
1142 298 1234 329 Liss.
1270 299 1319 329 11.
1586 289 1668 329 139

221 395 311 432 tum
334 391 473 443 gratia
493 391 669 433 domum
690 393 896 434 discedit.
958 392 1115 446 Neque
1136 392 1276 433 multo
1297 395 1401 445 post
1421 392 1539 432 circa
1556 392 1668 433 Pro-

218 458 364 498 tesilai
386 459 658 512 sepulturam
679 461 848 501 nostris
870 461 1120 514 occupatiS‚
1141 458 1341 512 nihilque
1373 459 1447 498 tali
1469 462 1666 511 tempore

218 523 383 565 hostile
411 526 727 576 metuentibus,
751 525 962 580 Cygnus,b
982 526 1113 580 cujus
1144 525 1261 566 haud
1295 525 1452 578 procul
1485 537 1511 564 a
1531 525 1666 577 Troja

216 603 393 643 regnum
407 598 422 614 ⁰
441 597 550 641 erat,
573 593 750 645 cognito
768 593 957 634 adventu
977 597 1144 641 nostro,
1168 591 1279 632 clam
1303 596 1440 643 atque
1462 590 1636 630 insidiis
1649 596 1665 620 ⁷

216 656 404 698 Graecos
424 658 620 710 invadit;
652 672 837 712 eosque,
871 660 1060 712 ancipiti
1087 659 1205 699 malo
1240 659 1433 707 territos,
1456 658 1549 698 sine
1570 657 1663 697 ullo

216 723 366 765 ordine
398 737 450 765 ac
472 725 708 778 disciplina
728 727 903 767 militari
930 727 1075 779 sugere
1106 725 1263 778 coegit.
1324 726 1441 766 Dein
1476 736 1662 777 propere

214 791 384 844 reliqui,
406 792 566 845 quibus
586 805 675 832 non
692 805 746 832 ea
766 790 995 833 humatiod
1026 792 1293 833 demandata
1307 790 1322 814 ⁸
1357 794 1465 841 erat,
1494 803 1539 830 re
1561 802 1663 842 cog-

213 856 303 897 nita
339 857 492 898 armati
523 862 631 898 eunt
658 861 822 899 contra.
898 858 952 899 In
993 859 1125 912 quis9
1157 858 1360 899 Achilles
1393 868 1662 909 congressus

214 935 313 964 cum
334 937 450 977 rege,
472 937 658 978 eumque
679 928 723 965 et
741 938 946 978 magnam
967 925 1055 967 vim
1071 925 1263 967 hostium
1284 925 1535 974 interfecit,e
1557 935 1663 964 con-

213 991 353 1031 versis
374 992 417 1032 in
439 992 586 1044 fugam
606 993 689 1033 hoc
710 992 842 1033 modo
863 990 1096 1035 liberatis.f
1149 992 1255 1043 [13.]
1287 992 1493 1033 Ceterum
1516 990 1664 1032 solici-

213 1057 270 1097 tis
291 1058 490 1107 ducibus,
512 1064 557 1099 et
577 1060 813 1099 multorum
835 1059 960 1100 clade
994 1060 1051 1099 ob
1081 1059 1258 1099 crebras
1290 1058 1484 1099 hostium
1516 1057 1663 1098 incur-

214 1123 363 1166 siones
385 1126 549 1174 anxiis,
571 1126 834 1176 decernitur,
856 1127 921 1167 uti
946 1126 1135 1179 primum
1155 1126 1364 1166 finitimas
1385 1124 1531 1178 Trojae
1554 1125 1661 1165 civi-

213 1193 330 1231 tates
353 1204 450 1232 cum
472 1196 598 1245 parte
620 1193 848 1232 exercitus
870 1192 1042 1241 adeant,
1062 1205 1229 1245 easque
1251 1191 1498 1232 omnimodo
1518 1193 1661 1232 incur-

213 1260 324 1298 sent.
419 1258 491 1299 Ita
530 1260 719 1299 omnium
761 1260 947 1312 primam
990 1259 1131 1312 Cygni
1170 1260 1393 1313 regionem
1434 1258 1660 1306 invadunt,

211 1328 474 1378 vastantque
507 1326 673 1367 circum
704 1327 866 1367 omnia.
928 1326 1016 1367 Sed
1049 1328 1120 1368 ubi
1143 1326 1489 1368 Mentorensium
1505 1331 1516 1348 ¹
1551 1324 1659 1366 civi-

213 1393 379 1440 tatem,g
399 1405 501 1444 quae
521 1394 640 1444 regni
661 1396 810 1446 caput,
824 1393 1097 1446 filiorumque
1120 1393 1260 1446 Cygni
1282 1393 1425 1433 nutrix
1444 1404 1659 1432 memora-

209 1458 354 1508 batur,
394 1459 510 1499 nullo
545 1459 778 1500 resistente
818 1460 1035 1510 invasere,
1073 1465 1207 1513 atque
1248 1461 1392 1512 ignem
1439 1458 1656 1511 subjicere

210 1536 401 1578 coepere,
423 1526 545 1567 cives
568 1525 665 1580 ejus
686 1526 837 1567 multis
866 1527 1071 1579 precibus
1104 1526 1398 1581 lacrymisque
1427 1537 1566 1574 orare,
1591 1526 1657 1564 uti

809 1645 1056 1658 eeeeeeeeeee

206 1723 270 1752 —6
303 1721 429 1762 Delph.
461 1722 635 1762 eisque.—7
661 1721 790 1761 Delph.
818 1732 858 1754 ex
886 1722 1089 1754 insidiis.—8
1118 1720 1246 1761 Delph.
1272 1720 1498 1750 mandata—9
1534 1719 1657 1758 Delph.

205 1774 383 1814 quibus—1
409 1774 493 1816 Arg.
512 1775 595 1807 Cod.
613 1765 866 1818 ffil’ltorensium.
902 1776 995 1807 Med.
1025 1774 1280 1806 Mentor-ensium.
1322 1773 1449 1805 Venet.
1475 1772 1655 1803 Methoren-

861 1870 1001 1902 NOTAE

999 1938 1012 1954 e
1039 1935 1174 1974 Eunzque
1197 1931 1371 1971 interfecit]
1402 1930 1545 1963 Achillis
1574 1942 1655 1972 pug-

954 1993 1030 2014 nam
1045 1993 1120 2014 cum
1134 1983 1253 2022 Cygno
1266 1981 1338 2012 fuse
1352 1986 1387 2012 et
1403 1981 1580 2021 eleganter
1597 1982 1654 2012 de-

954 2033 1072 2064 scribit
1088 2031 1154 2063 Ov.
1172 2040 1238 2062 xn.
1255 2031 1398 2061 Metam.
1433 2030 1500 2060 Hic
1519 2030 1654 2070 Cygnus

246 1932 260 1954 b
277 1933 419 1974 Cygnus]
437 1934 589 1974 Neptuni
607 1934 703 1970 filius,
718 1944 759 1965 ex
772 1934 900 1976 Calyce

203 1981 391 2014 Hecatonis
407 1983 487 2014 filia.
514 1984 618 2014 Fuere
636 1984 739 2014 etalii
754 1989 901 2024 quatuor

203 2032 265 2062 viri
286 2032 433 2064 illustres
451 2033 569 2064 eodem
586 2035 718 2064 nomine
735 2034 899 2074 insigniti.

202 2081 338 2113 Primus
356 2083 505 2124 Cygnus,
520 2083 673 2114 Stheneli
691 2084 779 2124 regis
799 2084 900 2125 Ligu-

203 2132 285 2164 riae:
304 2133 346 2164 de
361 2143 424 2174 quo
443 2134 545 2165 Ovid.
560 2143 601 2166 11.
612 2135 756 2165 Metam.
771 2135 899 2166 Secun-

201 2182 263 2213 dus
277 2183 426 2223 Cygnus,
440 2183 606 2223 Apollinis
618 2189 652 2215 et
667 2184 786 2225 Hyriae
799 2184 899 2221 filius,

202 2231 244 2263 de
258 2241 323 2273 quo
339 2233 441 2264 Ovid.
461 2242 527 2265 vu.
556 2234 699 2266 Metam.
716 2239 752 2266 et
771 2234 900 2268 Anton.

200 2281 375 2314 Liberalis.
397 2283 543 2324 Tertius,
558 2284 683 2314 Martis
699 2288 735 2316 et
750 2284 896 2325 Pyrenae

198 2331 300 2364 filius.
340 2331 537 2373 Apollodor.
566 2333 697 2374 Hygin.
733 2335 899 2374 Quartus,

198 2382 322 2414 Martis
346 2387 382 2414 et
397 2383 549 2423 Pelopiae
565 2383 669 2423 filius,
685 2383 727 2414 ab
744 2384 896 2415 Hercule

198 2432 352 2471 occisus3
376 2433 476 2463 alium
503 2433 605 2463 etiam
632 2438 794 2464 memorat
821 2433 895 2473 Hy-

199 2483 268 2523 gin.
296 2481 364 2515 fab.
389 2485 441 2514 97.
469 2482 566 2514 Ociti
583 2487 619 2515 et
635 2482 840 2525 Autophiles
857 2483 896 2515 fi-

198 2533 290 2564 lium.

238 2587 252 2603 ⁰
277 2581 373 2621 Cujus
387 2582 468 2613 haud
481 2584 588 2622 procul
603 2593 622 2614 α
641 2582 735 2622 Troja
750 2584 896 2625 regnum]

196 2633 314 2664 Insula
328 2631 487 2663 Tenedos
504 2633 649 2673 scilicet,
674 2643 750 2674 quae
767 2633 802 2664 in
818 2643 895 2665 con-

195 2688 316 2723 spectu
340 2682 466 2722 Trojze.
518 2682 612 2722 Virg.
635 2686 644 2700 ⁸
665 2683 726 2714 Est
753 2683 788 2714 in
815 2693 893 2714 con-

196 2737 315 2773 spectu
337 2730 491 2763 Tenedos
521 2732 697 2764 notissima
721 2731 811 2765 fama
837 2734 892 2765 In·

196 2782 290 2815 sula!

239 2832 254 2853 d
278 2834 326 2865 Ea
338 2833 489 2875 humatio]
515 2833 709 2867 Protesilai.

953 2083 1047 2114 nullo
1068 2082 1138 2114 telo
1159 2080 1329 2111 vulnerari
1351 2084 1507 2120 poterat;
1531 2080 1590 2111 sed
1607 2080 1655 2111 A-

954 2133 1083 2171 chilles,
1095 2131 1185 2162 humi
1203 2129 1314 2170 affixo,
1327 2131 1433 2171 galeae
1450 2131 1521 2161 loro
1536 2130 1654 2161 fauces

952 2184 1091 2223 pressit,
1105 2186 1139 2213 et
1157 2183 1204 2212 ita
1217 2181 1300 2212 eliso
1314 2184 1452 2220 gutture
1469 2181 1653 2212 interemit.

953 2234 1009 2265 Ita
1025 2232 1226 2264 Aristoteles
1253 2231 1310 2262 lib.
1332 2240 1374 2261 11.
1403 2231 1503 2261 Rhet.
1519 2233 1572 2262 22.
1597 2239 1652 2261 ve-

952 2293 1024 2314 rum
1051 2280 1280 2323 Lycophronis
1303 2279 1502 2310 scholiastes
1520 2279 1653 2318 scribit,

951 2342 1027 2364 eum
1058 2331 1173 2372 capite
1204 2333 1337 2361 tantum
1380 2327 1456 2358 laedi
1488 2328 1651 2368 potuisse,

949 2382 1063 2423 ibique
1089 2381 1130 2412 ab
1154 2379 1285 2411 Achille
1312 2377 1427 2418 lapide
1454 2387 1650 2418 percussum

950 2432 1125 2463 occidisse.

993 2480 1005 2502 f
1025 2480 1190 2512 Conversis
1202 2479 1233 2509 in
1244 2478 1360 2517 fugam
1375 2478 1430 2508 hoc
1441 2477 1528 2507 modo
1541 2477 1652 2508 libera-

950 2531 1008 2571 tis]
1030 2531 1072 2561 Id
1093 2535 1164 2561 est:
1189 2529 1250 2560 hoc
1266 2528 1366 2558 modo
1383 2526 1534 2557 liberatis
1551 2526 1651 2558 Grae-

951 2582 1012 2621 cis,
1033 2581 1089 2621 qui
1115 2580 1148 2610 in
1173 2578 1285 2618 sugam
1312 2587 1332 2608 a
1359 2576 1477 2617 Cygno
1494 2576 1649 2607 conversi

947 2631 1096 2662 fuerant.

993 2687 1008 2708 g
1030 2678 1277 2710 Mentorensium
1291 2675 1462 2715 civitatem]
1486 2674 1646 2706 Nondum

949 2730 1139 2771 comperire
1155 2728 1263 2769 potui,
1284 2735 1437 2768 quaenam
1452 2726 1526 2758 haec
1544 2725 1649 2757 fucrit

949 2779 1220 2814 Mentorensium
1238 2777 1369 2811 civitas.
