1915 3231
276 345 361 388 326
767 357 981 389 DAREris
1016 359 1224 389 PHRYcu

274 449 461 491 eundem
482 449 851 504 Agamemnonem
872 452 1054 494 minima
1072 466 1169 495 cum
1192 454 1415 496 discordia
1435 454 1530 496 fieri
1564 449 1714 509 posse.

274 519 388 560 Item
410 522 734 569 commemorat,
757 520 878 573 quod
899 520 999 560 dum
1029 520 1068 561 is
1101 534 1298 562 summus
1328 523 1564 575 imperator
1583 526 1714 573 esset,

273 598 346 626 res
367 598 575 640 prospere
598 590 734 638 gestae
750 587 851 636 sint,
867 591 910 628 et
926 588 1035 628 satis
1056 587 1228 628 felicem
1242 588 1479 629 exercitum
1496 588 1631 630 fuisse
1647 602 1656 629 :
1675 588 1714 628 si

275 652 348 693 cui
370 652 476 706 quid
497 653 616 693 aliud
640 653 852 703 videatur,
875 653 1018 694 dicere
1040 654 1214 695 suadet.
1259 654 1424 696 Omnes
1445 655 1713 706 assentiunt3

272 717 644 770 Agamemnonem
664 732 878 760 summum
901 720 1212 772 imperatorem
1235 721 1494 774 praeficiunt.
1526 722 1715 763 Postera

271 784 344 825 die
359 784 539 838 Trojani
560 799 618 826 ex
638 786 804 839 oppido
823 786 918 827 laeti
936 788 981 827 in
996 789 1136 828 aciem
1149 789 1377 842 prodeunt.
1410 789 1714 842 Agamemnon

271 854 422 892 contra
443 853 680 893 exercitum
703 852 872 895 educit:
905 855 1058 907 praelio
1088 856 1325 896 commisso
1348 860 1527 909 uterque
1548 855 1715 896 exerci-

270 922 343 959 tus
363 919 476 959 inter
496 932 542 959 se
561 918 776 971 sugantur.
836 920 1081 974 Postquam
1102 923 1243 976 major
1274 935 1378 976 pars
1400 923 1487 963 diei
1525 924 1713 973 transiit,

269 985 468 1037 procedit
489 986 531 1025 in
551 986 702 1039 primis
720 986 918 1036 Troilus,
941 988 1089 1038 caedit,
1110 988 1327 1038 devastat,
1342 987 1534 1042 Argivos
1551 990 1594 1030 in
1616 1003 1711 1031 cas-

268 1054 337 1091 tra
352 1052 487 1103 fugat.
547 1051 731 1093 Postera
751 1053 822 1094 die
841 1054 1022 1108 Trojani
1052 1055 1295 1096 exercitum
1314 1056 1531 1097 educunt:
1564 1060 1714 1097 contra

267 1115 585 1169 Agamemnon.
645 1118 719 1159 Fit
751 1132 908 1172 magna
940 1120 1103 1170 caedes,
1139 1127 1320 1174 uterque
1349 1121 1575 1163 exercitus
1602 1122 1715 1163 inter

268 1196 316 1224 se
348 1190 557 1237 pugnant,
589 1186 791 1239 praelium
827 1200 925 1228 acre
952 1188 1013 1228 fit.
1076 1188 1247 1228 Multos
1285 1189 1421 1229 duces
1450 1187 1713 1241 Argivorum

267 1250 440 1292 Troilus
481 1253 709 1294 interfecit.
799 1254 1027 1307 Pugnatur
1067 1256 1291 1296 continuis
1331 1256 1487 1296 diebus
1527 1262 1712 1308 septem.

267 1316 570 1369 Agamemnon
592 1320 791 1361 inducias
825 1323 936 1375 petit
970 1324 1015 1363 in
1036 1322 1148 1364 duos
1178 1336 1365 1364 menses.
1427 1322 1713 1363 Palamedem

266 1384 500 1436 magnifico
521 1386 667 1427 funere
687 1386 824 1436 effert,
849 1393 1100 1442 ceterosque
1123 1389 1258 1430 duces
1280 1402 1333 1429 ac
1355 1389 1517 1430 milites
1537 1389 1713 1442 utrique

267 1452 553 1505 sepeliendos
575 1458 743 1495 curant.
801 1454 909 1506 [30]
930 1453 1246 1507 Agamemnon,
1260 1456 1365 1496 dum
1387 1455 1578 1496 induciae
1599 1459 1712 1506 sunt,

265 1519 401 1559 mittit
419 1519 474 1559 ad
496 1518 735 1569 Achillem,
758 1520 1013 1572 Nestorem,
1037 1521 1260 1575 Ulyssem,
1284 1521 1561 1569 Diomedem,
1580 1525 1626 1563 ut
1643 1535 1714 1563 ro-

264 1589 414 1637 garent
432 1585 555 1626 illum
577 1587 622 1626 in
643 1587 803 1627 bellum
827 1588 1014 1641 prodire.
1074 1588 1277 1640 Abnegat
1300 1588 1494 1629 Achilles
1509 1593 1712 1639 moestus,

265 1653 386 1706 quod
410 1653 506 1707 jam
527 1655 826 1697 destinaverat
844 1657 889 1697 in
911 1657 1075 1697 bellum
1106 1669 1196 1697 non
1216 1657 1405 1710 prodire,
1437 1657 1493 1697 ob
1516 1655 1560 1696 id
1591 1657 1714 1709 quod

263 1720 525 1773 promiserat
545 1722 762 1772 Hecubae,
784 1736 831 1763 se
847 1724 991 1763 minus
1012 1728 1324 1776 pugnaturum,
1337 1735 1390 1764 eo
1404 1722 1524 1776 quod
1545 1722 1713 1776 Polyx-

266 1798 393 1827 enam
414 1788 541 1828 valde
563 1790 750 1830 amabat.
810 1789 959 1842 Coepit
989 1790 1102 1830 male
1135 1802 1212 1830 eos
1241 1790 1444 1842 accipere
1467 1789 1545 1842 qui
1579 1789 1636 1829 ad
1667 1802 1714 1830 se

264 1860 489 1904 venerant,
506 1854 655 1896 dicens
676 1860 934 1908 perpetuam
955 1869 1113 1909 pacem
1129 1856 1224 1897 fieri
1245 1859 1473 1909 oportere:
1495 1859 1618 1896 tanta
1637 1868 1713 1908 pe-

264 1919 404 1961 ricula
419 1921 546 1961 unius
568 1922 758 1963 mulieris
775 1936 913 1963 causa
931 1923 1041 1972 fieri,
1053 1924 1298 1964 libertatem
1314 1921 1571 1976 periclitari,
1589 1925 1714 1963 tanto

264 1990 462 2040 tempore
479 1988 718 2030 diffidere:c
738 2002 894 2042 pacem
914 1990 1186 2043 expostulat,
1202 2002 1396 2042 pugnam
1409 1988 1565 2029 renuit.
1592 1987 1714 2041 Aga·

266 2055 489 2095 memnoni
523 2056 808 2106 renuntiatur,
833 2056 937 2110 quid
972 2070 1073 2097 cum
1097 2055 1273 2097 Achille
1306 2057 1454 2095 actum
1488 2055 1558 2104 sit,
1588 2054 1714 2095 illum

265 2120 547 2173 pertinaciter
565 2135 738 2175 negare.
800 2122 1106 2176 Agamemnon
1127 2135 1278 2163 omnes
1309 2121 1444 2161 duces
1464 2121 1510 2161 in
1532 2122 1713 2162 consili-

264 2199 339 2226 um
360 2191 502 2237 vocat,
526 2189 766 2229 exercitum
788 2190 991 2238 consulit,
1009 2188 1114 2242 quid
1135 2188 1229 2229 fieri
1250 2188 1421 2238 debeat,
1443 2188 1629 2241 imperat
1647 2187 1713 2228 di·

267 2265 365 2294 cere
380 2254 486 2307 quid
509 2255 670 2308 cuique
690 2256 905 2296 videatur.
949 2256 1181 2296 Menelaus
1202 2255 1361 2295 hortari
1378 2254 1517 2307 coepit
1533 2254 1713 2295 fratrem

266 2332 410 2369 suum,
440 2324 490 2360 ut
525 2322 673 2373 potius
704 2323 920 2363 exercitus
942 2323 998 2386 in⁸
1010 2335 1203 2375 pugnam
1224 2321 1425 2375 prodeat,
1447 2334 1529 2362 nec
1551 2321 1711 2362 debere

265 2387 430 2436 terreri,
452 2388 490 2428 si
515 2388 714 2429 Achilles
736 2401 785 2429 se
807 2389 1112 2430 excusaverit:
1145 2401 1192 2428 se
1221 2394 1368 2428 tamen
1398 2400 1712 2440 persuasurum

266 2453 310 2493 ei
329 2456 378 2494 ut
398 2454 581 2507 prodeat
600 2455 645 2495 in
666 2455 845 2505 bellum,
876 2468 957 2496 nec
979 2455 1121 2496 vereri
1154 2455 1192 2494 si
1221 2451 1445 2494 noluerit.d
1507 2453 1713 2494 Comme-

265 2524 422 2571 morat,
444 2520 662 2575 Trojanos
682 2534 770 2563 non
790 2522 953 2563 habere
970 2521 1106 2563 alium
1128 2521 1268 2562 virum
1290 2523 1379 2560 tam
1397 2519 1553 2560 fortem
1575 2532 1708 2574 quam

921 2650 1062 2682 NOTAE

309 2739 323 2755 θ
348 2733 447 2763 Tanto
477 2736 610 2774 tempore
637 2734 792 2775 diffidere]
831 2734 871 2765 Id
896 2740 961 2775 est,
1014 2734 1091 2774 qu’z‘l
1114 2743 1153 2765 ‘ne
1175 2732 1330 2772 croignon
1349 2732 1437 2771 point
1459 2731 1534 2772 qu’il
1554 2741 1593 2762 me
1607 2733 1712 2764 voulut

265 2788 362 2815 tanto
386 2789 538 2823 tempore
558 2784 702 2815 insumto
724 2794 759 2815 se
774 2785 817 2815 de
832 2794 962 2815 summa
1010 2795 1079 2825 pas.
1122 2784 1154 2814 Il
1167 2794 1204 2814 ne
1219 2782 1375 2821 cmignoz't
1388 2782 1475 2821 point
1490 2781 1566 2822 qu’il
1579 2783 1710 2820 refusae.

267 2834 316 2865 rei
333 2833 526 2873 desperare.
1016 2834 1082 2867 Sed
1098 2834 1197 2864 nolim
1213 2833 1276 2864 hoc
1291 2832 1425 2863 imitari.

308 2883 322 2903 d
347 2883 415 2914 Nec
440 2883 538 2914 vereri
561 2883 589 2913 si
612 2882 759 2923 noluerit]
796 2883 885 2916 Gall.
915 2885 958 2915 Ει
