1915 3231
525 324 587 354 DE
621 323 778 354 nanno
810 320 1037 353 TROJANO
1070 321 1165 353 ma.
1201 322 1242 351 v.
1525 312 1610 354 245

166 416 389 460 consulere
407 415 488 467 eis,
510 418 586 470 qui
607 429 777 470 semper
796 421 1000 458 auctores
1027 415 1156 469 pacis
1184 414 1372 456 fuerint:
1418 418 1608 456 ceterum

164 497 192 525 a
210 483 414 537 Trojanis
435 483 492 524 ob
513 483 832 524 maleconsulta
852 483 961 523 satis
982 495 1211 535 poenarum
1233 485 1456 522 exactum.
1494 481 1610 521 Dein

162 550 299 591 multo
329 550 427 590 hinc
458 554 588 602 atque
618 549 720 590 inde
750 549 903 590 habito
933 561 1147 598 sermone,
1169 547 1225 589 ad
1257 552 1527 601 postremum
1555 548 1609 588 de

163 615 295 657 modo
323 615 599 670 praemiorum
629 616 699 669 agi
727 620 937 669 coeptum.
997 615 1112 656 Tum
1146 615 1387 656 Diomedes
1416 614 1610 668 quinque

161 683 300 724 millia
319 683 578 724 talentorum
594 688 610 712 g
630 684 740 733 auri,
763 696 815 724 ac
831 683 1016 724 totidem
1039 680 1236 735 a1·genti'¹
1258 685 1383 736 optat
1401 695 1410 723 :
1430 684 1609 734 praeter-

162 762 218 791 ea
250 749 387 790 tritici
416 753 597 791 centena
616 747 781 800 millia,i
809 755 981 803 eaque9
1009 761 1087 802 per
1108 761 1247 790 annos
1268 748 1434 789 decem.
1492 748 1610 788 Tum

161 815 333 857 silentio
372 817 523 857 habito
557 829 585 857 a
625 816 813 866 cunctis,
848 815 1058 864 Antenor,
1090 827 1175 855 non
1207 813 1462 856 Graecorum
1492 827 1611 855 more

162 894 288 935 agere
307 895 385 923 eos
407 883 640 925 adversum
662 896 712 924 se
735 883 813 931 ait,
834 882 912 923 sed
934 882 1123 922 barbaro
1141 895 1151 922 ε
1182 894 1371 935 namque
1392 881 1510 935 quod
1531 881 1611 922 im-

161 949 400 1001 possibilia
422 950 715 1003 postularent,
736 950 888 1004 palam
915 950 1019 999 fieri,
1041 954 1260 1002 praetextu
1290 949 1418 1002 pacis
1445 948 1610 989 bellum

162 1028 241 1056 eos
260 1016 491 1058 instruere:
522 1021 713 1059 ceterum
735 1018 828 1059 auri
848 1021 1017 1059 tantum
1043 1020 1203 1070 atque¹
1238 1016 1403 1069 argenti
1433 1028 1489 1057 ne
1519 1019 1611 1057 tum

163 1082 354 1135 quidem,
374 1083 634 1137 priusquam
655 1085 699 1125 in
722 1084 890 1126 auxilia
911 1085 1130 1125 conducta
1156 1083 1479 1132 dilaceraretur,
1502 1082 1613 1124 civi-

163 1148 246 1190 tati
265 1149 438 1191 suisse.“
451 1149 468 1173 ¹<
505 1150 635 1201 Quod
655 1151 694 1192 si
716 1164 970 1204 permanere
990 1151 1037 1191 in
1058 1150 1210 1191 eadem
1231 1150 1415 1191 avaritia
1435 1148 1611 1198 vellent,

165 1228 398 1269 superesse
437 1217 657 1272 Trojanis‚
695 1218 759 1258 uti
791 1218 957 1259 clausis
988 1217 1145 1271 portis,
1177 1215 1456 1269 incensisque
1487 1216 1611 1256 intus

166 1282 364 1325 Deorum
386 1284 604 1334 aedificiis,
625 1284 680 1325 ad
699 1288 968 1337 postremum
989 1284 1104 1324 idem
1127 1283 1212 1324 sibi
1233 1296 1331 1324 cum
1352 1283 1493 1336 patria
1516 1282 1613 1323 exi-

164 1349 271 1390 tium
291 1355 496 1403 peterent.
534 1351 696 1393 Contra
718 1351 985 1395 Diomedes:
1021 1354 1033 1372 ‘
1051 1351 1158 1392 Non
1174 1350 1397 1391 civitatem
1421 1354 1612 1390 vestram

165 1416 514 1458 consideratum¹
545 1417 676 1470 Argis
704 1418 914 1467 venimus,
942 1429 1095 1458 verum
1124 1415 1354 1458 adversum
1375 1427 1457 1456 vos
1486 1415 1613 1456 dimi·

165 1483 320 1524 caturi.
379 1483 605 1534 Quocirca
637 1484 729 1526 sive
759 1484 893 1525 etiam
924 1497 1039 1525 nunc
1073 1483 1238 1524 bellare
1270 1483 1314 1523 in
1346 1482 1494 1523 animo
1530 1486 1612 1532 est,

164 1550 307 1602 parati
327 1549 501 1592 Graeci:
533 1552 642 1601 sive,
663 1556 711 1592 ut
732 1552 815 1600 ais,
837 1552 927 1602 igni
953 1551 1117 1592 dabitis
1137 1550 1283 1599 Ilium,
1303 1561 1389 1590 non
1409 1549 1613 1603 prohibe-

163 1617 335 1658 bimus:
367 1618 533 1671 quippe
555 1618 730 1660 Graecis
752 1617 924 1659 affectis
948 1618 1120 1672 injuria,
1143 1617 1298 1660 ulcisci
1324 1617 1477 1658 hostes
1505 1629 1611 1658 suos

163 1681 263 1724 finis
283 1683 378 1725 est!
423 1685 537 1726 Tum
559 1684 754 1726 Panthus
781 1686 823 1726 in
844 1685 1096 1739 proximum
1116 1679 1228 1726 diem
1249 1685 1423 1726 veniam
1445 1684 1614 1725 delibe-

166 1750 287 1791 randi
309 1755 423 1793 orat.
482 1751 553 1793 Ita
574 1753 710 1793 nostri
734 1753 791 1794 ad
813 1752 1075 1794 Antenorem
1097 1752 1276 1801 abeunt,
1298 1755 1428 1806 atque
1447 1751 1547 1792 inde
1569 1752 1614 1792 in

206 1907 220 1921 α
245 1901 370 1933 Etenim
384 1912 451 1933 cum
466 1903 667 1943 impossibilia
680 1907 834 1944 peterent,
849 1905 881 1934 in
898 1908 1004 1944 aperto
1020 1913 1085 1935 esse
1107 1913 1157 1936 eos
1172 1904 1281 1935 bellum
1296 1913 1421 1944 parare,
1446 1914 1551 1944 pacem
1572 1906 1613 1934 si-

163 1944 326 1975 mulantes.
378 1945 540 1976 Praelerea
556 1949 677 1977 tantam
691 1947 754 1977 vim
769 1948 839 1977 auri
855 1951 947 1986 atque
961 1947 1087 1987 argenti
1101 1957 1140 1979 ne
1155 1951 1219 1979 tum
1231 1947 1325 1978 etiam
1341 1948 1446 1978 urbem
1462 1947 1612 1987 habuisse,

163 1989 328 2027 autequam
340 1987 374 2018 in
389 1988 563 2019 auxiliares
577 1989 707 2020 co'e'mtos
721 1989 959 2020 distraheretur.

772 2094 792 2106 Ο
796 2094 833 2106 00
837 2095 976 2106 Oeeoeee
981 2095 999 2106 ο

162 2182 321 2220 ‹equa-1
358 2179 483 2222 Delph.
512 2182 581 2213 auri
608 2185 701 2223 atque
731 2186 852 2215 tantum
877 2184 1080 2223 argenti.--2
1113 2182 1239 2224 Delph.
1270 2182 1452 2218 Quare-3
1483 2181 1611 2221 Delph.

816 2299 956 2332 NOTAE

205 2377 221 2400 ἕ
246 2371 390 2412 Quinque
402 2373 499 2404 millia
511 2373 713 2415 talentorum]
737 2374 857 2405 Talen-
956 2372 970 2393 k
993 2373 1182 2413 Priusquam
1204 2372 1238 2403 in
1259 2372 1380 2402 auxilia
1404 2373 1551 2402 conductu
1566 2372 1614 2403 di-

163 2427 235 2454 tum
243 2423 314 2454 auri
324 2424 412 2454 valet
422 2434 541 2455 aureos
553 2430 686 2456 nostros
696 2428 859 2456 6750000.
913 2424 1116 2462 laceraretur,
1130 2422 1380 2463 civitatifuz‘sse]
1405 2423 1530 2462 Series,
1546 2432 1613 2454 non

160 2470 248 2504 Inde
261 2472 520 2514 quinquemillia
532 2475 735 2505 talentorum
747 2474 860 2506 valent
915 2478 1046 2504 tantum
1064 2473 1133 2503 auri
1151 2472 1204 2503 vel
1226 2472 1361 2511 argenti
1384 2472 1516 2503 civitati
1532 2471 1613 2503 fuis-

164 2531 285 2554 aureos
301 2528 434 2554 nostros
451 2525 633 2555 33750000.
675 2524 713 2555 Id
732 2529 796 2564 est,
812 2522 861 2555 fe·
915 2533 965 2561 se,
992 2528 1062 2554 tum
1086 2522 1201 2561 etiam,
1225 2528 1404 2563 antequam
1431 2521 1464 2551 in
1486 2522 1613 2552 auxilia

163 2581 200 2603 re
214 2573 391 2613 sexaginta
405 2578 536 2614 septem
559 2574 723 2607 muliones
746 2579 860 2606 scuto·
915 2573 1084 2605 conducta
1111 2581 1151 2603 ea
1181 2571 1326 2612 pecunia
1355 2570 1610 2602 distraheretur.

165 2630 238 2652 rum
255 2627 457 2654 nostrorum.
916 2625 925 2641 ‘
940 2623 1199 2654 Dilaceraretur
1213 2620 1221 2633 '
1242 2625 1355 2651 autem
1373 2620 1501 2660 optime
1517 2620 1615 2660 dixit,

206 2669 221 2690 ¹¹
234 2671 281 2702 Ac
295 2672 422 2703 totidem
433 2672 574 2713 argenti]
593 2672 727 2714 Nempe
741 2683 861 2704 aureos
917 2678 955 2704 nt
978 2673 1012 2704 in
1043 2672 1099 2703 illo
1122 2670 1260 2702 Ovidii:
1287 2672 1297 2688 ‘
1313 2670 1455 2702 Viscera
1485 2675 1610 2706 nostra,

165 2725 299 2753 nostros
315 2725 474 2754 3000000.
497 2723 532 2755 id
548 2728 612 2764 est,
625 2722 698 2756 fere
713 2733 772 2755 sex
789 2724 862 2756 mil·
917 2728 984 2754 tuae
1000 2721 1231 2752 dilacerantur
1247 2718 1352 2760 opes?

161 2770 270 2801 liones
286 2776 465 2804 scutorum.
955 2770 963 2792 ¹
983 2769 1231 2810 consideratum]
1247 2769 1319 2800 Illis
1335 2770 1522 2810 respondit,
1534 2781 1609 2813 quae

206 2819 214 2840 ¹
239 2820 375 2852 centena
394 2822 509 2863 millia]
544 2823 749 2864 Modiorum,
776 2822 863 2855 scili·
915 2820 1051 2853 dixerat
1066 2820 1232 2856 Antenor,
1245 2829 1310 2851 non
1327 2824 1456 2852 tantum
1472 2822 1543 2853 auri
1560 2827 1611 2854 at.

165 2872 231 2900 cet·
919 2881 984 2914 que
1001 2871 1134 2913 argenti
1149 2869 1281 2902 civitati
1298 2869 1414 2903 fuisse.
