1915 3231
595 364 657 394 DE
694 364 862 394 uxeio.
894 363 1061 394 'rRoJAE
1096 363 1292 395 Hls'ron.
1580 355 1665 398 303

214 457 360 499 conati
383 461 560 508 essent3
581 457 746 498 multos
768 457 995 512 adjutores
1013 458 1203 499 Graeciae
1220 458 1390 499 futuros
1408 471 1419 510 3
1442 458 1665 512 Europam

211 525 448 566 bellicosos
459 524 654 565 homines
673 523 833 566 habere
850 538 863 577 3
884 524 1041 566 Asiam
1059 537 1231 579 semper
1251 524 1295 565 in
1309 523 1506 566 desidiak
1527 527 1664 568 vitam

211 591 446 645 exegisse,9
475 596 520 632 et
552 591 612 632 ob
647 591 692 632 id
724 592 913 633 classem
946 605 1035 634 non
1067 592 1240 633 habere.
1299 591 1377 643 [7.]
1405 589 1666 634 Alexander

211 659 433 701 cohortari
452 659 610 712 coepit,
632 661 678 699 ut
699 659 860 699 classis
878 662 1165 713 praeparetur,
1195 663 1240 699 et
1257 659 1302 698 in
1324 658 1549 700 Graeciam
1567 660 1666 702 mit-

209 731 352 768 tatur:
385 738 433 767 se
469 725 529 766 rei
560 725 692 780 hujus
726 725 971 779 principem
992 724 1199 775 futurum,
1221 726 1259 766 si
1280 729 1406 779 pater
1426 726 1586 768 vellet:
1617 728 1664 768 in

210 793 403 835 Deorum
420 793 692 846 benignitate
705 805 754 834 se
769 793 1006 843 confidere,
1016 793 1148 835 victis
1159 793 1364 834 hostibus
1383 793 1511 834 laude
1524 794 1663 848 adep-

206 864 270 910 ta,
292 860 348 902 de
371 860 551 902 Graecia
585 860 764 902 domum
794 861 1034 902 rediturum
1063 874 1175 903 esse.
1235 860 1353 901 Nam
1381 861 1468 902 sibi
1500 861 1547 902 in
1576 861 1661 904 Ida

208 928 336 982 sylva
356 941 457 969 cum
479 932 682 969 venatum
702 929 887 978 abisset,
918 929 961 969 in
990 929 1159 969 somnis
1192 928 1461 969 Mercurium
1488 929 1663 971 addux-

206 995 296 1036 isse
316 994 346 1036 J
351 993 566 1045 unonem,l
589 994 826 1045 Venerem,
849 994 1110 1041 Minervam,
1130 1000 1179 1037 ut
1198 996 1313 1037 inter
1335 1008 1412 1037 eas
1431 996 1485 1036 de
1507 997 1661 1049 specie

199 1062 436 1117 judicaret.
496 1061 556 1102 Et
576 1064 677 1103 tunc
702 1062 786 1103 sibi
807 1061 1026 1103 Venerem
1048 1063 1298 1116 pollicitam
1319 1076 1432 1114 esse,
1466 1064 1505 1104 si
1536 1077 1660 1106 suam

208 1130 403 1184 speciem
432 1129 658 1170 meliorem
688 1129 844 1171 harum
876 1130 1027 1183 specie
1055 1130 1296 1184 judicaret,
1328 1131 1526 1172 daturam
1550 1145 1597 1172 se
1618 1134 1661 1173 ei

206 1209 404 1250 uxorem,
427 1210 527 1251 quae
559 1196 604 1236 in
641 1196 821 1238 Graecia
841 1197 1084 1250 speciosior
1106 1196 1346 1239 videretur:
1378 1199 1453 1239 ubi
1487 1199 1552 1240 ita
1583 1212 1661 1240 au-

206 1262 363 1315 disset,
385 1266 599 1319 optimam
620 1264 734 1305 facie
756 1263 977 1306 Venerem
1005 1265 1236 1318 judicasse
1252 1279 1263 1308 :
1279 1271 1305 1287 ¹¹¹
1337 1267 1451 1307 unde
1480 1278 1659 1320 sperare

205 1331 365 1373 debere
387 1332 626 1382 Priamum,
647 1331 868 1373 Venerem
890 1333 1149 1387 adjutricem
1170 1333 1433 1375 Alexandro
1452 1333 1659 1374 futuram.

205 1398 471 1452 Deiphobus
490 1400 666 1453 placere
686 1399 773 1440 sibi
796 1400 909 1441 dixit
931 1399 1175 1441 Alexandri
1197 1401 1459 1443 consilium:
1491 1404 1536 1441 et
1556 1414 1658 1455 spe-

203 1477 298 1506 rare
321 1465 511 1507 Graecos
534 1466 784 1507 Hesionam
808 1466 1074 1517 reddituros,
1108 1474 1153 1509 et
1175 1468 1496 1518 satisfacturos,
1527 1469 1578 1517 si,
1594 1472 1642 1509 ut

203 1532 468 1586 dispositum
489 1536 621 1582 esset,
644 1533 802 1574 classis
823 1534 868 1574 in
890 1532 1113 1575 Graeciam
1143 1535 1394 1576 mitteretur.
1456 1535 1657 1576 Helenus

202 1600 434 1642 vaticinari
456 1601 606 1654 coepit,
639 1600 801 1642 Graios
827 1606 1051 1652 venturos,
1086 1602 1221 1643 Ilium
1241 1615 1482 1652 eversuros,
1502 1615 1658 1655 paren-

201 1673 271 1709 tes
302 1671 347 1709 et
375 1668 533 1710 fratres
562 1667 715 1709 hostili
743 1681 876 1709 manu
912 1669 1183 1720 interituros,
1217 1670 1256 1711 si
1283 1669 1537 1711 Alexander
1569 1670 1657 1710 sibi

199 1748 384 1777 uxorem
408 1735 463 1776 de
478 1735 657 1777 Graecia
676 1734 951 1776 adduxisset.
1010 1735 1184 1777 Troilus
1204 1737 1411 1777 minimus
1430 1740 1550 1785 natu,
1565 1749 1656 1777 non

198 1803 343 1844 minus
363 1802 488 1844 fortis
510 1816 643 1856 quam
667 1803 851 1852 Hector,
871 1803 1034 1844 bellum
1054 1804 1146 1856 geri
1168 1803 1399 1853 suadebat,
1417 1806 1463 1844 et
1481 1816 1570 1844 non
1583 1803 1656 1844 de-

199 1869 303 1910 bere
333 1870 484 1912 terreri
516 1874 634 1912 metu
658 1870 891 1911 verborum
922 1869 1097 1910 Heleni.
1161 1870 1298 1921 Quod
1329 1870 1534 1911 omnibus
1564 1870 1657 1924 pla-

199 1936 307 1988 cuit,
327 1938 521 1979 classem
543 1937 812 1992 compamri,
846 1941 890 1978 et
919 1938 963 1978 in
984 1937 1207 1979 Graeciam
1227 1937 1467 1991 proficisci.
1528 1936 1654 1978 Pria-

197 2016 297 2046 mus
334 2005 641 2047 Alexandrum
677 2010 720 2047 et
756 2003 1042 2058 Deiphobum
1079 2004 1124 2045 in
1159 2004 1391 2046 Paeoniam
1431 2004 1564 2054 misit,
1604 2010 1654 2045 ut

807 2134 1045 2147 eeeeeeeeeeee

240 2225 261 2253 9
283 2222 470 2255 Est-creuisse
486 2222 549 2254 Del
553 2224 609 2264 ph.

856 2329 996 2361 NOTAE

237 2412 252 2433 ¹<
276 2412 384 2444 Asiam
398 2411 431 2443 in
447 2412 583 2453 desidia]
618 2413 732 2446 Quare
751 2413 896 2446 Asiatici
950 2414 984 2444 in
1001 2421 1083 2443 voce
1101 2410 1226 2452 Πάριον.

193 2471 329 2504 semper
341 2463 458 2494 molles
473 2463 625 2494 audiere.

236 2512 245 2532 ¹
268 2513 308 2543 In
323 2514 439 2544 somnis
448 2513 643 2545 Mercurium
653 2514 822 2546 adduxisse
832 2516 892 2546 Ju-

192 2563 317 2605 nonem]
350 2563 401 2594 Ut
423 2562 573 2594 fabulam
588 2563 632 2595 de
647 2565 781 2605 judicio
797 2565 892 2597 Pari-

192 2612 244 2643 dis
259 2613 408 2645 historiae
428 2614 677 2654 accommodet,
691 2614 726 2645 id
743 2624 842 2646 omne
858 2615 893 2646 in

191 2663 316 2695 somnis
331 2664 460 2696 factum
475 2662 581 2696 fuisse
600 2665 697 2697 dicit.
742 2666 811 2697 Sed
834 2667 892 2698 alii

192 2713 358 2756 scribunt,
372 2714 535 2747 Paridem
551 2716 711 2756 hymnum
728 2716 762 2747 in
777 2717 891 2748 Vene-

193 2772 265 2794 rem
280 2765 523 2806 composuisse,
539 2766 598 2798 ubi
622 2776 696 2798 eam
711 2767 734 2799 J
739 2767 839 2799 unoni
855 2772 892 2799 et

193 2812 329 2845 Palladi
344 2814 576 2855 praeferebat3
600 2815 689 2848 unde
706 2821 828 2858 postea
842 2815 891 2848 fa-

193 2863 274 2895 bula
299 2869 380 2896 nata
405 2870 470 2905 est,
485 2867 581 2906 quasi
604 2867 679 2907 ipse
702 2872 892 2908 praesentes

192 2914 288 2946 Deas
299 2914 476 2955 judicarit.
490 2916 580 2949 Vide
590 2916 738 2949 Cedren.
750 2922 785 2949 et
797 2916 891 2949 Suid.

992 2468 1013 2483 ¹¹¹
1039 2462 1199 2502 Optimam
1207 2460 1296 2498 facie
1317 2459 1463 2491 Venerem
1474 2459 1650 2501 judicasse]

947 2511 1171 2545 Scribendum
1187 2516 1251 2547 est,
1267 2515 1277 2530 ⁴
1291 2510 1421 2551 optima
1435 2509 1524 2544 facie
1537 2510 1649 2541 Vene-

947 2562 1044 2602 rem‚'
1070 2563 1136 2594 &c.
1181 2561 1288 2592 Ratio
1323 2564 1376 2592 est
1406 2560 1497 2601 quod
1528 2560 1650 2593 Latine

947 2615 1014 2646 dici
1031 2622 1096 2644 nou
1113 2611 1234 2654 possit,
1245 2611 1342 2643 verbi
1356 2610 1478 2652 gratia,
1497 2611 1507 2628 ⁴
1523 2611 1648 2642 Nireus

948 2669 1000 2698 est
1017 2664 1165 2705 optimus
1185 2662 1297 2699 facie‚’
1319 2663 1376 2693 sed
1393 2661 1539 2700 omnino,
1563 2661 1573 2678 ‘
1586 2661 1648 2692 Ni-

947 2725 1025 2747 reus
1050 2718 1105 2746 est
1129 2714 1258 2755 optima
1282 2710 1397 2743 facie-²
1441 2711 1498 2743 Sic
1521 2711 1649 2743 Teren-

945 2767 1025 2807 tius,
1040 2764 1129 2796 And.
1146 2774 1170 2795 1.
1186 2767 1216 2795 1.
1229 2764 1302 2795 ‘S1.
1318 2763 1425 2794 Forte
1441 2771 1543 2792 unam
1557 2761 1646 2802 aspi-

946 2818 998 2849 cio
1013 2814 1312 2853 adolescentulam,
1324 2813 1464 2844 Forma!
1504 2812 1562 2844 So.
1578 2812 1647 2843 Bo·

944 2875 987 2897 na
996 2865 1154 2898 fortasse.
1178 2864 1228 2897 Si.
1243 2865 1288 2895 Et
1298 2863 1406 2904 vultu,
1421 2862 1531 2902 Sosia,
1546 2861 1646 2893 Adeo

947 2916 1115 2957 modesto,
1123 2915 1209 2948 adeo
1218 2917 1372 2950 venusto,
1381 2917 1418 2945 ut
1430 2911 1645 2953 nihilsupra:
