1915 3231
485 340 546 371 ΠΕ
580 339 814 370 HlsrofflA
854 338 997 370 ssELm
1031 340 1265 371 'rRoJAN1.
1541 329 1599 372 35

143 449 198 484 νος
218 434 413 487 βασιλεὺς,
436 435 477 485 ἐξ
491 434 530 475 οὗ
553 436 569 475 ὁ
595 438 727 490 Τρῶος,
748 434 811 475 καὶ
832 438 862 474 οἳ
890 440 954 475 τοῦ
984 434 1098 474 Ἰλίου
1135 435 1322 485 βασιλεῖς.
1380 432 1599 476 Videmus

143 502 189 543 in
219 502 289 543 his
319 501 498 543 easdem
527 515 611 552 res,
630 507 678 543 et
707 502 890 543 eandem
921 515 1062 543 rerum
1095 502 1266 550 seriem,
1288 500 1441 542 eadem
1462 501 1600 542 ferme

143 570 264 610 bona
283 572 325 610 et
354 569 498 621 mala3
523 569 651 623 jungi
683 570 845 611 Danao
869 568 1131 622 Agenorem,
1153 569 1230 621 qui
1259 568 1377 609 illius
1407 573 1500 608 erat
1522 582 1599 621 pa-

145 639 281 685 truus,
319 648 420 689 quae
443 636 697 691 conjunctio
727 636 882 677 saltem
915 636 1047 677 verbo
1078 635 1246 688 exponi
1276 634 1522 685 debuisset,
1557 640 1602 675 ut

146 706 386 753 constaret,
407 715 495 756 qua
523 703 695 744 ratione
724 715 802 756 per
832 703 936 743 illos
967 702 1010 742 in
1043 701 1157 742 idem
1190 715 1326 755 genus
1356 706 1400 743 et
1421 701 1601 743 eandem

145 769 358 823 originem
396 770 674 811 convenirent
714 770 922 811 Priamus
960 773 1004 810 et
1040 769 1232 818 Helena,
1261 769 1395 810 sicuti
1417 768 1529 823 jam,
1561 774 1603 810 et

145 841 283 888 recte,
305 837 472 878 monuit
493 835 737 886 Mercerus,
758 841 804 877 et
834 836 944 877 fecit
965 835 1204 887 Cedrenus,
1226 835 1304 877 sed
1333 836 1452 878 haud
1473 836 1604 878 dubie

147 902 203 944 de
233 916 332 953 suo,
363 916 466 945 cum
496 902 744 957 Agenorem
774 903 884 944 dicit
918 903 1063 943 Danai
1101 901 1372 956 πατράδελφον.
1433 903 1604 944 Deinde

145 970 317 1013 videtur
327 972 374 1012 in
393 976 545 1013 nostro
560 971 721 1025 Dictye
741 970 986 1024 legendum,
1003 983 1089 1011 non
1107 968 1302 1019 Hesiona,
1315 983 1395 1011 nec
1411 967 1604 1020 Pleiona,

149 1037 229 1079 sed
254 1035 463 1088 Plesiona,
478 1037 594 1079 unde
616 1038 747 1079 facile
767 1037 944 1079 formari
965 1038 1113 1092 potuit
1133 1037 1239 1078 illud
1265 1035 1465 1088 Hesiona,
1487 1038 1606 1091 quod

148 1105 384 1160 praeferunt
417 1105 527 1147 Msti
556 1106 761 1160 Dictyos,
783 1118 872 1146 non
903 1106 989 1155 hic,
1010 1105 1086 1145 ubi
1116 1105 1363 1145 mutilatum
1394 1105 1607 1145 exhibent

149 1173 234 1214 hoc
256 1187 414 1214 nornen
445 1174 588 1227 prima
609 1174 802 1227 syllaba,
828 1174 1065 1226 leguntque
1100 1176 1286 1221 tantum,
1335 1170 1456 1221 Iona,
1497 1170 1605 1219 Ona,

155 1238 279 1290 Sena,
317 1241 507 1282 testibus
542 1240 740 1281 Mercero
771 1245 814 1282 et
835 1240 1073 1290 Obrechto‚
1096 1239 1170 1279 sed
1197 1250 1260 1279 iv.
1280 1239 1351 1281 22.
1410 1239 1472 1280 At
1501 1240 1608 1280 anti-

152 1309 370 1362 quissima
402 1308 586 1350 Mediol.
620 1309 754 1349 editio
786 1308 904 1349 haud
936 1308 1066 1348 dubie
1100 1307 1196 1348 suis
1224 1308 1356 1347 etiam
1384 1320 1441 1348 ex
1463 1306 1604 1348 Codd.

152 1380 164 1400 ‘
182 1377 432 1419 Plesionem
447 1377 459 1393 '
489 1378 560 1419 hic
581 1378 701 1430 legit,
724 1377 856 1430 plane
878 1376 943 1416 uti
973 1388 1058 1416 non
1082 1375 1276 1416 Malelas
1295 1375 1442 1425 modo,
1465 1375 1540 1415 sed
1565 1380 1609 1416 et

154 1443 399 1495 Cedoenus,
423 1446 496 1499 qui
517 1457 758 1486 consensus
787 1458 873 1484 non
894 1442 1065 1484 videtur
1100 1447 1262 1483 temere
1295 1442 1607 1496 repudiandus,

153 1514 357 1566 quamvis
379 1513 598 1565 ceteroqui
623 1525 761 1565 neque
792 1516 803 1535 ⁴
819 1509 1035 1557 Pleiona‚'
1063 1524 1205 1563 neque
1239 1513 1250 1532 ‘
1267 1509 1504 1558 Plesiona,'
1533 1522 1609 1549 ne-

154 1592 240 1633 que
256 1581 270 1600 ‘
288 1579 493 1620 Hesiona
507 1578 518 1594 '
539 1580 653 1619 inter
674 1579 822 1619 Danai
840 1578 953 1618 filias
971 1581 1232 1617 memoretur
1249 1577 1305 1616 ab
1326 1577 1395 1627 iis,
1419 1577 1492 1629 qui
1506 1575 1608 1617 illas

153 1660 211 1688 ex
232 1646 430 1700 professo
463 1649 734 1696 enumerant,
756 1644 1030 1698 Apollodoro
1053 1649 1099 1684 et
1133 1643 1343 1697 Hygino:
1375 1647 1530 1683 contra
1551 1644 1607 1684 ab

153 1714 355 1755 omnibus
392 1712 586 1754 Atlantis
622 1725 737 1753 uxor
769 1712 954 1762 dicatur,
988 1723 1076 1751 non
1112 1711 1273 1759 Danai,
1307 1710 1387 1751 sed
1438 1709 1610 1751 Oceani

156 1781 289 1833 Filia,
321 1782 415 1822 sive
447 1784 460 1802 ‘
480 1779 695 1829 Pleione‚'
726 1780 823 1821 sive
859 1777 1067 1829 ‘AEthra‚'
1093 1778 1281 1819 nomine.
1342 1777 1395 1818 In
1418 1790 1508 1817 uno
1531 1790 1610 1818 au-

155 1852 240 1890 tem
280 1861 477 1890 seorsum
519 1847 614 1889 abit
644 1860 670 1888 a
700 1847 914 1900 Septimio
956 1845 1162 1895 Malelas,
1193 1845 1275 1885 sed
1315 1844 1437 1885 haud
1478 1844 1611 1885 dubie

155 1916 263 1957 vitio
299 1916 519 1957 memoriae
554 1914 624 1956 vel
657 1913 946 1966 negligentiae,
970 1912 1086 1966 quod
1109 1912 1336 1953 Atlantem
1371 1912 1487 1953 hunc
1509 1912 1611 1953 Ple-

156 1985 303 2025 siones
323 1984 433 2024 facit
454 1982 591 2023 filium
621 1986 666 2022 et
688 1981 877 2022 Electrae
896 1981 1087 2030 fratrem,
1105 1993 1204 2020 cum
1238 1993 1295 2020 ex
1325 1980 1424 2034 ipso
1446 1980 1610 2033 Dictye

155 2057 309 2093 nostro
330 2050 449 2092 haud
483 2051 643 2100 minus,
663 2060 795 2102 quam
823 2060 881 2087 ex
910 2047 1113 2088 omnibus
1145 2047 1245 2087 aliis
1266 2050 1455 2097 constet,
1485 2046 1612 2087 mari-

158 2125 250 2160 tum
270 2119 407 2159 fuisse
428 2118 641 2159 Pleiones
663 2117 756 2157 sive
778 2115 1020 2160 Plesiones,
1043 2114 1237 2155 Electrae
1262 2118 1408 2154 autem
1431 2119 1612 2167 patrem.

158 2186 357 2240 Denique
381 2186 579 2226 videmus
610 2183 948 2239 praetermisisse
977 2195 1053 2223 eos
1083 2182 1243 2235 pariter
1268 2180 1611 2230 Erichthonium,

159 2253 237 2308 qui
276 2252 603 2295 interserendus
644 2255 739 2292 erat
778 2251 891 2290 inter
931 2248 1188 2290 Dardanum
1231 2251 1276 2289 et
1314 2248 1450 2295 Troa,
1483 2247 1611 2302 hujus

159 2322 324 2375 quippe
344 2323 480 2373 pater,
500 2319 621 2360 illius
644 2317 773 2358 filius.
837 2316 997 2370 Neque
1020 2316 1167 2357 omisit
1194 2329 1294 2356 eum
1315 2315 1483 2356 Noster
1502 2315 1615 2355 infra

162 2398 228 2428 iv.
249 2388 322 2430 22.
343 2388 418 2428 ubi
444 2386 619 2441 plenius
653 2385 867 2426 familiam
888 2389 929 2426 et
960 2387 1164 2437 posteros
1199 2382 1398 2425 Dardani
1420 2384 1612 2436 exponit.

161 2455 309 2509 Culpa
329 2455 427 2509 ejus
458 2455 520 2495 rei
543 2454 614 2495 hic
635 2453 725 2494 loci
746 2452 879 2492 haeret
905 2451 1023 2491 haud
1054 2450 1187 2491 dubie
1210 2451 1255 2490 in
1287 2450 1365 2490 illo
1395 2450 1512 2503 ipso,
1534 2450 1612 2502 qui

160 2527 361 2576 tempore
388 2522 582 2564 Neronis
618 2520 829 2562 Graecum
867 2519 995 2560 nobis
1031 2518 1197 2570 Dictyn
1228 2517 1489 2569 composuit,
1521 2529 1612 2569 quo

161 2591 330 2644 pariter
357 2590 425 2631 usi
458 2589 652 2630 Mulelas
684 2594 726 2629 et
757 2586 1015 2640 Septimius,
1038 2589 1085 2626 ut
1115 2598 1172 2625 ex
1202 2585 1336 2633 hisce,
1356 2584 1442 2624 nisi
1471 2582 1613 2632 fallor,

163 2657 339 2699 abunde
354 2661 491 2711 patet,
511 2657 554 2697 in
575 2656 763 2697 eundern
785 2655 858 2695 hic
881 2654 1129 2694 inciderunt
1146 2664 1345 2692 errorem.

221 2733 370 2764 xvnl.
403 2723 610 2777 Sequitur
629 2735 732 2763 mox
758 2721 876 2775 apud
910 2720 1148 2761 Nostrum:
1181 2716 1424 2770 ‘Agenoris
1446 2717 1613 2771 quippe

163 2791 299 2832 filium
337 2791 594 2832 Phoenicem
625 2794 669 2830 et
700 2790 858 2843 Dymae
895 2788 1029 2841 patris
1052 2786 1333 2833 Hecubae‚et
1353 2785 1486 2826 Ledae
1510 2797 1614 2825 con-

165 2859 472 2911 sanguinitatis
491 2858 700 2910 originem
724 2853 974 2897 dimisisse!
1004 2853 1118 2904 Quae
1142 2854 1205 2893 ita
1227 2851 1416 2894 Malelas
1435 2865 1616 2906 expres-
