1915 3231
525 331 586 360 DE
622 329 777 360 nmmo
811 329 1037 360 TROJANO
1073 329 1166 359 mss.
1200 330 1273 360 111.
1521 320 1604 362 189

163 422 385 465 interficit.
466 423 582 464 Dein
603 427 789 473 ceteros,
811 436 924 477 quos
944 424 1000 464 ob
1023 423 1227 464 virtutem
1250 435 1329 463 rex
1350 435 1497 464 secum
1528 425 1603 465 sti-

161 493 338 544 patores
358 489 584 539 habuerat,
607 490 893 542 conglobatos
922 490 1034 530 inter
1062 502 1109 530 se
1145 493 1278 542 atque
1309 501 1443 530 ausos
1475 491 1604 531 resis-

161 561 265 606 tere,
299 557 455 610 partim
498 557 590 597 telo
624 557 794 597 eminus
831 556 987 606 fundit,
1021 556 1132 597 alios
1168 569 1295 596 curru
1325 569 1403 609 per
1432 557 1603 598 medios

160 623 338 665 concito
377 623 499 664 humi
539 623 702 664 obterit.
762 622 878 663 Dein
918 622 1199 672 Idomeneus,
1233 622 1434 663 adhibito
1474 623 1603 676 equis

159 689 374 740 Metione,
404 689 682 731 Acamantav
717 689 938 731 Thracum
973 702 1118 742 regem
1140 689 1305 743 dejicit,
1341 689 1602 742 ruentiquew

160 756 248 797 telo
269 756 471 807 occurrit,
493 759 624 809 atque
645 756 707 796 ita
725 754 943 797 interficit.
1001 755 1091 797 Sed
1113 756 1190 797 ubi
1213 756 1399 804 Hector,
1422 756 1534 796 situs
1555 756 1601 796 in

157 820 278 877 parte
310 822 414 872 alia,
449 823 618 864 medios
651 835 828 864 suorum
860 822 984 864 fundi
1017 824 1193 876 accipit,
1229 822 1458 876 dispositis
1490 821 1599 863 satis

157 889 346 930 strenuis
361 889 438 930 ubi
455 890 694 943 pugnabat,
709 889 896 930 accurrit
907 894 927 919 4
946 890 1116 931 auxilio
1131 891 1444 940 laborantibus,
1462 888 1599 931 Glau-

157 969 258 997 cum
278 960 319 998 et
340 956 622 1010 Deiphobum
654 961 698 998 et
727 956 1051 1010 Polydamanta
1083 971 1232 999 secum
1261 957 1440 998 habens.
1501 956 1597 997 Nec

157 1023 355 1072 dubium,
377 1024 480 1076 quin
501 1023 648 1065 deleta
668 1036 695 1064 a
715 1023 943 1076 praedictis
974 1025 1146 1077 regibus
1181 1037 1234 1065 ea
1273 1036 1376 1077 pars
1409 1023 1598 1064 hostium

155 1088 304 1140 foret,¹
333 1090 378 1130 ni
408 1090 601 1131 adventu
630 1103 713 1131 suo
736 1089 907 1130 Hector
927 1095 1185 1144 nostrosque
1210 1090 1398 1131 ulterius
1419 1102 1598 1143 progre-

156 1155 237 1205 di,⁵
258 1168 310 1197 ac
330 1169 434 1197 suos
454 1156 600 1209 fugere
624 1156 905 1197 cohibuisset.
964 1156 1037 1197 Ita
1057 1155 1220 1206 Graeci,
1241 1156 1448 1209 prohibiti
1471 1155 1597 1197 caede

154 1221 429 1276 reliquorum,
449 1235 653 1276 represso
685 1222 822 1275 gradu
854 1222 1081 1265 adversum
1113 1236 1193 1264 eos
1221 1223 1298 1276 qui
1332 1235 1594 1276 supervene—

155 1287 281 1329 rant⁶
312 1290 564 1330 constitere.
623 1289 703 1343 [5.]
732 1287 801 1330 Ac
821 1302 926 1331 mox
946 1291 1122 1343 cognito
1143 1302 1221 1344 per
1242 1290 1496 1330 universum
1519 1301 1598 1329 ex-

154 1355 598 1409 ercitum,praelium*
618 1356 664 1397 in
685 1368 737 1397 ea
757 1360 898 1410 parte,
919 1357 1075 1411 reliqui
1089 1357 1226 1398 duces
1248 1355 1597 1405 confirmati,ubi

154 1422 344 1475 quisque
365 1425 652 1476 pugnaverat,
665 1422 857 1476 undique
872 1435 926 1464 eo
942 1422 1174 1464 confluunt.
1207 1423 1430 1463 Densatur
1447 1422 1596 1462 utrim-

154 1502 241 1542 que
267 1489 403 1539 acies,
434 1494 480 1531 et
508 1489 708 1543 praelium
737 1492 991 1530 renovatum
1022 1493 1105 1530 est.
1165 1488 1306 1542 Igitur
1328 1488 1500 1529 Hector
1520 1489 1596 1528 ubi

151 1556 368 1608 plurimos
390 1569 566 1597 suorum
587 1555 760 1605 adesse,
796 1559 840 1596 et
860 1555 971 1596 satis
993 1559 1137 1597 tutum
1158 1568 1204 1596 se
1225 1555 1446 1608 intelligit,
1480 1555 1596 1595 tollit

153 1622 337 1664 animos.
395 1623 513 1664 Dein
553 1622 741 1664 clamore
777 1635 940 1675 magno
979 1623 1168 1675 singulos
1209 1634 1385 1663 suorum
1421 1621 1594 1661 nomine

151 1688 398 1742 appellans,
439 1688 734 1729 confidentius
766 1687 811 1728 in
847 1687 1020 1729 hostem
1052 1700 1246 1741 pugnare
1282 1688 1500 1728 hortatur:
1538 1699 1591 1727 ac

150 1767 412 1809 progressus
448 1756 561 1797 intra
588 1756 743 1805 aciem,
777 1755 958 1796 Diorem
991 1759 1035 1797 et
1056 1755 1379 1809 Polyxenum,y
1412 1754 1593 1795 Eli0s⁷z

745 1882 983 1896 OONOOO‘OOOO

139 1970 322 2009 fronte—4
334 1971 456 2012 Delpli.
469 1975 503 2003 et
513 1972 614 2012 vulgo
624 1972 834 2004 παππία-5
847 1973 911 2005 Del
916 1974 970 2014 ph.
980 1974 1169 2013 congredi.»
1179 1977 1200 2005 6
1212 1974 1312 2012 Vulg.
1324 1973 1592 2014 superfuerant.—

148 2013 166 2030 *
178 2013 301 2055 Delph.
311 2015 495 2054 praelim—7
511 2014 639 2056 Delpli.
650 2015 750 2055 Alios,
761 2015 809 2047 ita
819 2017 972 2048 Danielis
987 2016 1072 2048 cod.
1086 2017 1154 2048 Ms.
1163 2018 1249 2048 alter
1259 2021 1289 2048 et
1300 2017 1391 2057 alios,
1400 2017 1489 2056 vulg.
1500 2016 1592 2047 alios-

793 2117 937 2149 NOTAE

146 2198 219 2230 clo:
244 2198 304 2230 Καὶ
325 2198 406 2234 βάλε
429 2200 623 2239 Πυραίχμην,
652 2200 686 2233 ὃς
707 2201 841 2234 Παίονας

147 2249 374 2291 ἱπποκορυστὰς
392 2249 546 2290 ‘'Hya-7⁶11.
578 2253 587 2270 ‘
602 2253 647 2284 Et
673 2254 842 2294 percussit

145 2299 380 2340 Pyraechmen,
409 2301 464 2342 qni
496 2301 640 2333 Paeonas
668 2307 843 2343 equestres

143 2351 325 2383 bellatores
342 2351 522 2384 Ducebat!

186 2406 200 2422 v
221 2401 410 2443 Acamanta]
431 2403 498 2434 Sed
524 2412 600 2434 eum
626 2403 793 2435 Homerus
819 2413 840 2435 a

144 2451 299 2484 Merione
314 2453 458 2484 occisum
472 2453 568 2493 dicit,
590 2453 631 2485 Il.
645 2458 684 2484 Π.
723 2453 839 2494 Μηριό-

144 2514 198 2540 νης
227 2503 252 2533 δ’
278 2502 454 2543 Ἀκάμαντα
476 2503 574 2543 κιχεὶς
594 2503 669 2535 ποσὶ
692 2503 840 2546 καρπαλί-

935 2208 949 2230 y
971 2202 1102 2235 Diorem
1115 2206 1145 2235 et
1164 2201 1370 2244 Polyxenam]
1408 2201 1545 2233 Diorem
1570 2211 1590 2233 a

893 2253 985 2293 Pyro
1024 2252 1211 2285 Imbraside
1248 2252 1466 2284 interfectum
1505 2252 1590 2283 dicit

892 2303 996 2334 Hom.
1011 2303 1052 2334 11.
1068 2308 1106 2335 Δ.
1149 2302 1217 2334 Sed
1242 2302 1322 2332 nibil
1346 2301 1403 2332 ille
1420 2301 1462 2332 de
1479 2307 1588 2333 morte

891 2351 1071 2392 Polyxeni.
1117 2352 1224 2382 Dares
1251 2356 1364 2382 autem
1393 2355 1587 2391 utrumque,

891 2407 927 2433 et
941 2402 1081 2433 Diorem
1094 2407 1128 2433 et
1141 2401 1364 2442 Polyxenam,
1377 2400 1419 2431 ab
1436 2400 1587 2431 Hectore

890 2450 1089 2482 interfectos
1115 2455 1253 2488 narrat;
1279 2457 1315 2480 ut
1339 2449 1473 2490 quidem
1495 2450 1585 2490 apud

889 2502 984 2532 illum
1009 2500 1191 2533 ‘Diorem‘
1216 2509 1278 2541 pro
1309 2499 1319 2516 ‘
1338 2499 1499 2531 Dorium'
1533 2509 1584 2531 re-

141 2563 238 2592 μοισι,
268 2552 339 2592 Νύξ
365 2553 467 2585 ἵππων
494 2553 717 2593 ἐπιβησόμενον
752 2554 833 2585 κατὰ
884 2551 994 2583 stitui.

142 2603 239 2642 δεξιὸν
262 2602 353 2642 ὦμον.
385 2605 395 2621 ⁴
414 2604 585 2635 Meriones
608 2608 721 2636 autem
748 2603 838 2635 Aca-

142 2659 257 2685 manta
284 2658 455 2685 assecutus
483 2653 626 2694 pedibus
652 2653 838 2689 velocibus,

143 2703 320 2735 Percussit
343 2714 448 2745 equos
473 2713 689 2736 ascensurum
706 2703 740 2735 in
756 2703 838 2734 dex-

144 2756 196 2782 tro
212 2752 373 2785 liumero.'

186 2807 206 2822 w
231 2802 419 2843 Ruentz'que]
445 2802 637 2834 Acamanti.

187 2854 202 2871 ¹
228 2850 335 2890 For-et]
359 2853 542 2892 Eleganter
558 2862 618 2893 pro
633 2851 795 2885 ‘fuisset.’

930 2608 943 2622 Ζ
961 2600 1047 2632 Elios
1063 2597 1187 2640 [Alios]
1208 2599 1217 2616 ‘
1228 2598 1325 2629 Alius
1336 2597 1346 2612 ’
1362 2607 1424 2638 pro
1439 2598 1448 2615 ‘
1462 2597 1587 2630 Eliusz’

888 2651 1031 2683 Dorice.
1063 2651 1111 2681 Ut
1126 2659 1221 2690 saepe
1234 2649 1267 2680 in
1285 2648 1440 2689 Captivis
1458 2648 1587 2689 Plauti,

888 2701 976 2743 quod
1004 2701 1084 2732 item
1109 2704 1208 2731 antea
1231 2702 1424 2739 corruptum
1447 2699 1585 2730 restitu-

890 2757 1027 2792 tumque
1044 2760 1064 2781 a
1076 2750 1156 2781 viris
1172 2748 1294 2780 doctis.
1324 2748 1365 2779 In
1379 2748 1473 2779 libris
1485 2748 1584 2780 Grae-

890 2803 940 2832 cis
964 2809 1056 2841 saepe
1088 2800 1240 2830 invenias
1264 2797 1399 2834 πλείους,
1424 2802 1583 2838 corrupte

891 2859 952 2892 pro
967 2849 1118 2889 Ἠλείους,
1134 2848 1223 2890 quod
1240 2852 1404 2880 notarunt
1420 2851 1454 2878 et
1470 2856 1582 2879 emen-
