1915 3231
307 355 390 395 :314
812 369 1026 400 DAnssris
1061 371 1270 403 PHRYeu

305 475 358 502 eo
376 466 572 515 tempore
594 474 680 515 quo
701 461 924 516 Telephus
946 464 1088 506 adhuc
1109 479 1233 518 puer,
1249 480 1275 508 a
1296 472 1420 520 patre
1443 467 1638 510 Hercule
1660 481 1760 523 pro-

306 529 490 580 genitus,
512 542 538 569 a
556 528 827 570 Teuthrante
859 543 955 582 rege
985 530 1179 584 hospitio
1211 538 1412 587 receptus
1436 539 1516 575 est.
1576 535 1758 577 Diome-

306 596 404 636 dem
424 594 582 643 ferunt,
612 608 712 636 cum
745 597 871 648 equis
903 598 1162 648 potentibus
1191 603 1421 641 venantem
1458 604 1501 641 et
1534 600 1669 642 ferisg
1699 603 1756 642 ab

309 662 506 703 Hercule
528 662 819 711 interfectum,
841 664 1102 705 Teuthranti
1123 679 1300 718 regnum
1318 667 1566 708 reddidisse
1590 671 1727 709 totum
1745 681 1756 709 ε

306 731 364 771 ob
385 729 471 770 hoc
495 730 590 783 ejus
611 730 752 770 filium
767 731 1008 784 Telephum
1024 730 1040 754 ¹¹
1061 733 1101 772 ei
1125 734 1360 786 suppetias
1379 735 1573 776 venisse.
1620 734 1757 785 Quod

306 810 406 837 cum
426 797 643 837 Teuthras
664 796 943 849 intelligeret,
965 811 1013 838 se
1047 799 1199 839 eodem
1232 800 1411 841 vulnere
1443 805 1626 842 mortem
1647 801 1756 842 effu-

304 877 403 917 gere
436 876 526 903 non
557 876 703 916 posse,
737 876 911 916 regnum
950 877 1078 906 suum
1113 867 1242 907 vivus
1275 866 1478 920 Telepho
1498 867 1690 916 tradidit,
1711 874 1757 909 et

305 944 405 971 eum
433 943 580 982 regem
611 930 841 971 ordinavit.
900 931 1013 971 Tum
1035 946 1180 984 regem
1201 933 1510 974 Teuthrantem
1531 934 1756 987 Telephus

304 997 537 1049 magnifice
557 997 776 1049 sepelivit.
836 997 1006 1038 Suadet
1036 1000 1075 1039 ei
1105 998 1301 1040 Achilles
1332 1005 1379 1041 ut
1398 1013 1559 1041 novum
1580 1013 1758 1053 regnum

304 1068 544 1113 conservet,
568 1063 670 1116 plus
685 1068 700 1093 ⁷
722 1064 860 1104 multo
888 1065 1129 1105 exercitum
1160 1066 1423 1119 adjuturum,
1446 1067 1484 1107 si
1505 1072 1756 1108 commeatu

305 1135 374 1171 tot
394 1130 520 1171 annis
543 1130 702 1182 quibus
733 1130 894 1170 morati
924 1130 1079 1171 fuerint
1109 1131 1164 1172 de
1195 1133 1349 1173 eodem
1379 1146 1511 1185 regno
1532 1146 1609 1173 eos
1631 1133 1756 1187 adju-

301 1203 392 1247 vet,
423 1210 553 1250 quam
587 1196 626 1236 si
659 1196 715 1236 ad
746 1196 928 1250 Trojam
957 1201 1040 1237 eat.
1101 1198 1261 1251 Itaque
1289 1199 1513 1253 Telephus
1547 1204 1758 1240 remanet.

304 1264 504 1305 Achilles
527 1277 624 1305 cum
646 1276 807 1316 magna
829 1264 983 1316 praeda
1006 1264 1061 1304 ad
1083 1267 1331 1306 exercitum
1347 1266 1561 1307 Tenedon
1577 1267 1758 1307 reverti-

301 1338 385 1372 tur.
434 1330 758 1382 Agamemnoni
778 1342 867 1370 rem
889 1334 1061 1383 gestam
1079 1336 1246 1374 narrat:
1269 1332 1573 1386 Agamemnon
1593 1346 1757 1387 appro-

302 1400 380 1440 bat
421 1398 676 1451 laudatque.
737 1396 846 1450 [17.]
877 1396 1051 1438 Interea
1089 1398 1227 1450 legati
1264 1399 1392 1440 missi
1430 1399 1486 1440 ad
1528 1398 1758 1440 Priamum

302 1465 509 1505 veniunt:
542 1464 731 1518 Ulysses
755 1461 1104 1516 Agamemnonis
1138 1466 1269 1506 verba
1302 1466 1446 1516 refert,
1479 1467 1679 1520 postulat
1709 1471 1758 1506 ut

302 1532 479 1573 Helena
509 1536 552 1573 et
583 1531 736 1585 praeda
767 1531 981 1581 reddatur,
1015 1532 1211 1585 satisque
1242 1533 1320 1574 fiat
1352 1533 1459 1586 regi,
1486 1538 1538 1574 ut
1565 1532 1754 1586 pacifice

302 1599 543 1639 discedant.
603 1598 807 1638 Priamus
840 1598 1020 1651 injurias
1046 1598 1402 1650 Argonautarum
1431 1605 1757 1649 commemorat,

300 1666 441 1718 patris
460 1666 692 1714 interitum,
714 1664 866 1717 Trojae
888 1666 1271 1718 expugnationem,
1288 1672 1333 1706 et
1352 1666 1570 1708 Hesionae
1594 1665 1755 1706 sororis

303 1732 577 1773 servitutem.
653 1731 858 1784 Denique
898 1730 1161 1772 Antenorem
1203 1733 1397 1784 legatum
1436 1746 1536 1773 cum
1569 1732 1754 1781 miserit,

304 1811 438 1850 quam
461 1798 777 1839 contumeliose
800 1798 855 1838 ab
877 1797 943 1837 eis
971 1801 1182 1839 tractatus
1209 1800 1277 1838 sit.
1338 1799 1502 1840 Pacem
1532 1798 1753 1851 repudiat,

301 1864 467 1905 bellum
491 1864 659 1913 indicit,
682 1864 938 1905 Graecorum
959 1864 1131 1916 legatos
1160 1865 1214 1905 de
1242 1865 1404 1906 finibus
1432 1865 1587 1919 repelli
1612 1865 1754 1918 jubet.

303 1931 459 1982 Legati
480 1931 526 1971 in
547 1936 692 1971 castra
710 1930 919 1970 Tenedon
940 1935 1226 1981 revertuntur,
1258 1933 1552 1973 renuntiantes
1572 1944 1755 1985 respon-

303 2010 418 2038 sum.
477 1997 569 2038 Res
598 1998 798 2038 consultu
825 1998 1001 2049 geritur.
1059 1998 1166 2052 [18]
1198 1998 1396 2040 Aderant
1416 2012 1522 2039 vero
1545 1999 1601 2039 ad
1624 1999 1752 2040 auxi-

301 2063 406 2105 lium
449 2063 627 2104 Priamo
668 2064 871 2105 ductores
900 2064 945 2104 hi
985 2078 1082 2105 cum
1120 2066 1392 2107 exercitibus
1426 2066 1532 2116 suis,
1569 2078 1753 2120 quorum

907 2183 1145 2195 eeeeeeeeeeee

343 2262 361 2289 7
388 2259 428 2290 In
446 2259 573 2300 Delph.
589 2262 619 2290 et
637 2258 797 2290 inseritur
815 2263 895 2290 ante
911 2261 990 2300 plus.

958 2376 988 2407 N
995 2376 1098 2407 OTAE

341 2458 356 2478 ἕ
371 2451 553 2482 Diomedem
560 2449 684 2488 serunt,
696 2459 762 2480 cum
772 2450 856 2490 equis
866 2451 1000 2491 potenti·

299 2502 354 2532 bus
370 2504 531 2531 venantem
545 2504 576 2530 et
589 2499 688 2540 feris]
725 2500 794 2531 Hic
817 2500 998 2531 Diomedes

299 2551 421 2581 Martis
438 2555 472 2580 et
489 2550 637 2589 Cyrenes
653 2549 738 2579 tilius
753 2548 832 2589 fuit,
845 2550 997 2581 Thraciae

299 2610 371 2636 rex,
387 2609 484 2640 quem
503 2598 615 2639 poe'tae
637 2598 781 2630 fabulati
803 2604 879 2630 sunt
896 2610 997 2640 equas

298 2649 452 2679 habuisse
472 2648 628 2679 carnibus
645 2649 794 2679 humanis
812 2654 998 2681 vescentes.

297 2699 397 2729 Illum
421 2698 589 2729 Hercules
614 2697 801 2729 interfecit.
847 2699 935 2729 Vide
952 2699 997 2730 A·

298 2749 462 2789 pollodor.
473 2757 513 2778 11.
524 2753 558 2778 et
570 2748 696 2788 Hygin.
721 2749 880 2779 Fabulam
895 2759 996 2789 equa-

299 2808 371 2829 rum
403 2797 553 2828 liistoriae
585 2798 839 2828 accommodare
876 2799 997 2829 nititur

297 2848 421 2886 Dares,
435 2857 510 2877 cum
535 2847 593 2884 ait,
612 2856 715 2887 equas
739 2847 813 2877 illas
838 2853 996 2887 potentes

298 2903 331 2927 et
351 2896 438 2928 feras
458 2896 571 2927 fuisse.
618 2896 684 2927 scd
703 2897 800 2928 aliter
817 2897 995 2938 Palaepha-

1053 2455 1119 2489 tus,
1135 2450 1190 2491 qni
1214 2449 1333 2481 scribit
1357 2448 1555 2480 Diomedem
1580 2448 1627 2480 ita
1645 2457 1751 2490 equos

1053 2501 1242 2538 adamasse,
1256 2504 1294 2531 ut
1310 2500 1418 2530 onmia
1435 2508 1493 2530 sua
1510 2499 1543 2529 in
1560 2508 1675 2530 eorum
1692 2500 1753 2530 ali-

1052 2556 1201 2582 mentum
1218 2549 1453 2581 consumserit.
1498 2549 1612 2581 Quare
1631 2554 1752 2588 postea

1053 2602 1124 2642 ejus
1153 2600 1252 2631 amici
1288 2608 1390 2640 equos
1421 2599 1495 2629 illos
1525 2598 1750 2629 hominivoros

1053 2652 1286 2692 appellarunu
1312 2649 1402 2680 unde
1417 2653 1491 2679 orta
1508 2647 1635 2679 fabula.
1680 2647 1750 2680 Alii

1052 2701 1152 2731 ctiam
1170 2709 1242 2730 eam
1259 2698 1392 2729 aliunde
1408 2702 1520 2728 natam
1532 2696 1664 2728 dicunt.

1093 2748 1109 2769 ¹¹
1136 2750 1211 2788 Ejus
1223 2748 1332 2789 filium
1357 2747 1521 2786 Telephum
1541 2746 1570 2776 ei
1594 2747 1750 2787 suppetias

1050 2800 1182 2840 venisse]
1218 2799 1228 2815 ‘
1245 2796 1351 2838 EJuS,'
1383 2796 1415 2827 id
1446 2800 1511 2834 cst,
1539 2797 1549 2814 ‘
1568 2797 1750 2833 Herculis,’

1051 2849 1059 2864 ‘
1075 2848 1127 2888 ei,'
1145 2848 1178 2879 id
1196 2853 1261 2886 est,
1274 2851 1283 2864 ⁴
1296 2845 1520 2878 Teuthranti:
