1915 3231
527 330 589 361 DE
625 330 779 360 BELLo
813 329 1037 361 TROJANO
1071 331 1167 362 Lm.
1202 331 1273 362 ιιι.
1543 325 1624 366 199

179 423 372 473 bustum,
392 435 480 465 una
500 424 636 466 etiam
657 424 823 466 Priami
855 424 985 474 filios,
1013 424 1162 478 ibique
1189 436 1388 466 seorsum
1421 426 1623 479 aliquan-

179 492 271 530 tum
293 503 320 531 a
339 489 493 531 favilla
504 490 696 544 jugulari
710 490 856 544 jubet,
878 490 1048 532 scilicet
1066 490 1248 532 inferias
1269 491 1465 533 Patrocli
1487 494 1626 534 mani-

178 556 286 597 bus:
319 569 372 597 ac
394 569 500 597 mox
515 557 686 610 regulos
700 563 715 579 Χ
735 557 923 598 canibus
940 556 1216 598 dilaniandos
1229 557 1357 611 jacit,
1377 558 1625 600 confirmat-

179 635 264 676 que
287 636 335 663 se
355 636 443 663 non
464 624 584 676 prius
605 623 802 664 desinere
823 623 1125 676 pernoctando
1148 623 1286 673 humi,
1308 637 1440 678 quam
1458 625 1500 665 in
1522 638 1624 666 auc-

180 694 313 731 torem
340 691 450 730 tanti
481 691 656 731 luctusy
686 691 753 731 sui
787 690 994 743 sanguine
1013 691 1297 732 vindicasset.
1354 691 1462 745 [15.]
1495 692 1624 734 Nec5

180 756 302 797 multi
320 757 528 798 transacti
547 760 648 797 sunt
667 757 779 807 dies,
799 770 900 798 cum
920 762 1101 811 repente
1121 759 1361 809 nuntiatur,
1384 758 1624 801 Hectorem

182 823 359 864 obviam
382 822 672 865 Penthesileae
701 829 827 865 cum⁷¹
857 824 1017 877 paucis
1049 824 1321 878 profectum:
1355 839 1457 879 quae
1478 827 1626 878 regina

182 890 468 940 Amazonum,
498 891 712 931 incertum
744 891 886 944 pretio
922 904 978 931 an
1014 891 1209 932 bellandi
1244 893 1466 946 cupidine,
1497 894 1625 933 auxi-

180 955 336 997 liatum
376 956 552 998 Priamo
583 956 854 998 adventarat.
913 957 1035 998 Gens
1069 958 1294 1009 bellatrix,
1322 963 1365 1000 et
1399 960 1456 1000 ob
1489 959 1533 999 id
1568 960 1626 1000 ad

182 1021 388 1064 finitimos
410 1024 652 1073 indomita,a
683 1024 832 1077 speeie
858 1036 1072 1065 armorum
1102 1024 1268 1078 inclyta
1297 1039 1377 1079 per
1407 1025 1626 1066 mortales.

183 1089 322 1142 Igitur
354 1090 568 1141 Achilles,
598 1091 755 1145 paucis
785 1090 885 1131 fidis
918 1090 1139 1144 adjunctis
1171 1105 1334 1142 secum,
1371 1092 1626 1133 insidiatum

183 1169 367 1211 propere
390 1158 545 1210 pergit,
558 1163 690 1211 atque
710 1157 880 1198 hostem
901 1170 1100 1199 securum
1122 1159 1191 1199 sui
1208 1160 1452 1212 praevortit.
1509 1159 1626 1200 Tum

184 1224 354 1276 ingredi
388 1224 548 1265 flumen
578 1225 870 1278 occipientem
907 1225 1220 1267 circumvenit:
1251 1226 1317 1267 ita
1350 1239 1551 1280 eumque,
1581 1231 1627 1266 et

184 1304 334 1332 omnes
356 1292 448 1346 qui,
469 1293 649 1333 comites
669 1292 835 1344 regulo,
857 1291 1008 1332 dolum
1028 1292 1280 1346 hujusmodi
1302 1294 1625 1347 ignoraverant,

183 1371 240 1398 ex
261 1359 502 1412 improviso
522 1358 749 1400 interficit:
768 1357 783 1380 b
813 1363 858 1399 at
877 1357 1097 1411 quendam
1118 1358 1306 1401 filiorum
1323 1359 1490 1401 Priami
1500 1372 1627 1405 ‘com-

185 1424 455 1478 prehensum,
472 1439 575 1466 mox
591 1426 753 1466 excisis
766 1426 983 1475 manibus,
1000 1426 1054 1467 ad
1075 1426 1296 1468 civitatem
1312 1428 1502 1476 remittit,
1518 1439 1627 1467 nun-

184 1491 340 1532 tiatum
361 1506 460 1545 quae
483 1498 605 1545 gesta
624 1498 760 1534 erant.
818 1492 924 1546 Ipse
944 1506 1045 1535 cum
1066 1494 1190 1534 caede
1204 1494 1515 1543 inimicissimi,
1532 1498 1625 1534 tum

185 1558 396 1600 memoria
417 1559 583 1600 doloris
606 1560 746 1609 ferox,
772 1561 1009 1613 spoliatum
1031 1560 1161 1601 armis
1182 1560 1371 1611 hostem,
1392 1574 1498 1601 mox
1521 1572 1628 1600 con-

184 1623 348 1665 strictis
370 1626 411 1666 in
433 1639 559 1667 unum
583 1627 808 1680 pedibus,c
830 1627 1004 1668 vinculo
1019 1628 1160 1668 currui
1182 1632 1402 1681 postremo
1423 1627 1627 1668 adnectit.

787 1755 1020 1768 eeeeeeeeeeee

181 1845 259 1872 ante
277 1842 347 1873 vino
362 1842 459 1875 deest
475 1853 541 1875 vox
557 1846 728 1876 multa—5
755 1844 844 1877 Ante
866 1855 920 1877 nec
942 1845 1080 1877 exhibet
1106 1843 1229 1886 Delph.
1267 1843 1329 1874 sed.
1345 1846 1379 1874 et
1396 1852 1471 1874 mox
1499 1852 1560 1883 pro
1588 1844 1629 1874 cul

833 1940 973 1973 NOTAE

224 2016 240 2032 Χ
264 2012 416 2052 Regulos]
439 2012 567 2044 Priami
585 2012 683 2045 filios.
932 2014 1067 2053 tierent,
1100 2013 1142 2044 ab
1173 2012 1325 2044 hostibus
1356 2013 1514 2045 mulieres
1546 2012 1630 2045 dicti

227 2068 239 2088 5
269 2063 371 2098 Quam
399 2062 434 2094 in
460 2066 614 2095 auctorem
650 2064 732 2095 tanti
760 2065 876 2107 luctus]
931 2070 1022 2096 suut.
1066 2064 1154 2095 Vide
1172 2063 1363 2104 Palaephat.

184 2112 287 2152 Apud
314 2113 514 2155 Homerum,
532 2115 606 2155 jam
622 2113 770 2146 Achilles
787 2115 878 2147 Hec-
983 2121 997 2137 ὃ
1029 2115 1081 2147 Ad
1101 2114 1260 2156 finitimos
1289 2112 1454 2153 indomita]
1492 2113 1532 2144 ld
1565 2119 1629 2154 est,

183 2167 290 2194 torem
306 2163 491 2201 occiderat,
517 2174 593 2196 cum
616 2165 775 2197 Patroclo
792 2165 877 2198 infe·
931 2170 1094 2207 quantum
1112 2164 1154 2195 ad
1171 2163 1346 2203 finitimos,
1363 2164 1414 2194 vel
1432 2163 1598 2195 finitimis.

184 2214 250 2245 rias
268 2213 362 2246 facit.
973 2216 987 2237 b
1013 2217 1066 2247 Ex
1090 2215 1256 2255 improviso
1281 2213 1447 2255 interficit]
1474 2214 1530 2245 Ab
1559 2215 1630 2246 Ho-

224 2271 236 2286 2
262 2265 394 2296 Obviam
410 2266 615 2298 Penthesilea?
637 2277 718 2307 cum,
741 2268 810 2309 &fc-J
835 2267 879 2299 A·

183 2323 336 2346 mazones
372 2326 434 2357 pro
463 2317 620 2358 'ri-ojanis
651 2319 787 2349 stetisse
819 2318 878 2349 alii

182 2365 286 2395 etiam
314 2366 463 2398 tradunt.
520 2367 589 2398 Sed
622 2377 680 2399 eas
711 2368 879 2400 Homerus

183 2415 362 2454 praeteriit,
387 2416 477 2456 quod
504 2416 650 2457 poemati
683 2428 744 2449 suo
771 2418 878 2459 indig-

182 2473 260 2495 num
277 2471 413 2504 putaret
427 2465 580 2498 foeminas
596 2468 796 2499 immiscere.
832 2469 877 2500 Et

182 2513 255 2544 haec
281 2523 362 2546 sane
386 2514 489 2547 fuisse
511 2516 646 2548 videtur
661 2526 753 2548 mens
768 2518 879 2548 Servii

183 2563 318 2595 alicubi.
363 2566 502 2597 Certum
528 2574 582 2598 est
604 2572 716 2599 autem
737 2567 879 2599 Amazo-

182 2623 242 2644 nes
255 2623 420 2656 nunquam
433 2616 608 2655 extitisse3
622 2627 748 2658 easque
760 2627 779 2648 a
790 2617 880 2649 Poe-

184 2664 226 2693 tis
242 2663 395 2696 inventas
412 2672 448 2697 et
469 2667 632 2699 confictas
647 2667 764 2700 fuisse.
809 2669 881 2700 Fic-

184 2713 268 2744 tioni
294 2724 374 2747 vero
398 2716 509 2747 locum
526 2717 653 2749 dedere
671 2720 786 2760 populi
806 2720 879 2761 qui·

183 2761 273 2799 dam,
297 2764 353 2805 qui
373 2774 450 2796 cum
473 2767 604 2799 tunicas
625 2769 752 2801 talares
767 2774 879 2810 gesta-

185 2818 274 2854 rent,
286 2816 400 2855 quales
414 2816 560 2849 foeminae
572 2819 742 2860 Thraciae,
752 2830 879 2851 comas-

188 2871 250 2902 que
274 2864 447 2904 alligarent
474 2867 591 2908 muriz,
616 2868 807 2910 barbasque
829 2879 879 2900 ra-

932 2275 1027 2297 mero
1043 2266 1197 2297 diversus
1215 2264 1309 2302 abit3
1332 2265 1387 2304 qui
1405 2264 1532 2303 scribit,
1546 2265 1629 2295 Tro·

928 2316 1020 2358 janis
1043 2316 1085 2347 ab
1109 2315 1240 2346 Achille
1265 2315 1300 2345 in
1327 2313 1441 2355 fugam
1467 2315 1571 2345 versis
1596 2319 1632 2345 et

932 2367 1022 2398 intra
1037 2366 1154 2396 urbem
1178 2364 1337 2403 receptis,
1364 2364 1471 2394 solum
1500 2363 1630 2396 Hecto·

932 2426 1004 2447 rem
1021 2415 1143 2447 Achilli
1160 2414 1334 2449 restitisse,
1351 2413 1466 2454 ibique
1481 2414 1629 2445 occisum

931 2465 1047 2496 fuisse.
1093 2465 1218 2495 Eorum
1233 2472 1378 2504 pugnam
1397 2463 1483 2503 lege,
1500 2463 1541 2494 ΙΙ.
1558 2467 1597 2494 X.

973 2520 987 2536 ⁶
1011 2515 1092 2546 Mox
1113 2513 1291 2544 constrictis
1312 2512 1346 2543 in
1371 2522 1465 2543 unum
1490 2513 1632 2555 pedibus]

933 2567 985 2597 Ex
1000 2565 1103 2596 Hom.
1120 2564 1163 2595 11.
1180 2567 1219 2594 X.
1252 2561 1449 2603 Ἀμφοτέρων
1463 2562 1631 2601 μετόπισθε

933 2616 1035 2646 ποδῶν
1062 2613 1191 2654 τέτρῃνε
1219 2610 1344 2643 τένοντε
1370 2612 1420 2642 Ἐς
1447 2612 1566 2652 σφυρὸν
1596 2614 1631 2643 ἐκ

933 2664 1078 2706 πτέρνης,
1092 2661 1203 2699 βοέους
1226 2661 1251 2692 δ’
1278 2662 1407 2701 ἐξῆπτεν
1423 2660 1561 2703 ἱμάντας,
1576 2663 1631 2694 Ἐκ

932 2716 1050 2756 δίφροιο
1065 2715 1089 2745 δ’
1106 2713 1209 2752 ἔδησε,
1233 2711 1311 2752 κάρη
1326 2713 1351 2743 δ’
1366 2711 1509 2743 ἕλκεσθαι
1527 2712 1631 2745 ἔασεν.

934 2767 943 2784 ‘
962 2765 1148 2796 Amborum
1176 2771 1262 2803 pone
1291 2762 1415 2803 pedum
1444 2762 1632 2803 perforavit

933 2824 1055 2846 nervos
1072 2813 1126 2844 Ad
1152 2813 1256 2844 talum
1283 2821 1390 2854 usque
1416 2822 1435 2843 a
1458 2814 1632 2852 calcaneo,

934 2866 1124 2906 bovinaqne
1137 2863 1287 2903 alligavit
1308 2864 1394 2905 lora,
1412 2864 1454 2895 Et
1472 2874 1513 2895 ex
1531 2874 1629 2896 curru
