1915 3231
500 293 562 322 DE
595 292 831 322 HisroiuA
867 291 1011 320 nsum
1047 291 1279 321 TROJANl.
1546 282 1604 323 65

157 393 300 448 praelii
340 391 460 444 adigi
498 392 698 432 homines
739 390 796 430 ad
838 389 1156 442 aggrediendos
1194 389 1360 439 hostes,
1381 393 1426 429 et
1460 394 1603 431 tamen

156 459 365 500 Paridem
404 459 449 499 in
488 459 566 499 illo
606 457 838 498 certamine
878 456 995 496 haud
1037 456 1168 496 dubie
1198 456 1430 496 vitaturum
1465 456 1605 497 fuisse

155 525 391 574 Achillem,
430 538 508 565 nec
539 536 744 565 ausurum
780 536 875 563 eum
925 522 1121 574 aggredi,
1151 521 1271 575 quod
1301 534 1381 575 per
1419 523 1605 563 insidias

156 596 286 633 extra
305 592 616 632 necessitatem
635 588 882 630 certaminis
901 588 1086 629 feliciter
1106 588 1272 629 fecerit.
1332 587 1496 641 Frigidi
1526 589 1607 629 ali-

156 658 262 712 quid
284 663 327 700 et
347 658 485 712 inepti
505 657 654 697 forsan
674 656 787 697 inest
805 655 850 695 in
869 654 953 695 hoc
976 666 1122 703 sensu,
1143 654 1220 695 sed
1237 654 1283 694 id
1297 654 1341 694 in
1362 656 1460 695 tota
1472 655 1605 695 etiam

153 729 223 766 est
250 725 496 766 laudatione
532 722 724 771 Paridis,
755 734 886 775 quam
919 734 971 761 eo
1008 721 1185 761 nomine
1215 721 1374 761 fecisse
1404 722 1606 762 dicuntur

155 791 336 845 Trojani
359 795 402 832 et
421 791 559 832 multo
579 790 719 842 magis
740 790 879 841 friget,
901 801 984 828 nec
1005 788 1205 828 Latinum
1241 788 1348 829 satis
1381 792 1464 837 est,
1487 788 1606 840 quod

157 859 337 900 volebat
366 858 649 910 Vindingius‚
680 859 915 910 ‘quantum
946 869 1000 896 ne
1031 856 1073 895 in
1106 858 1268 896 certam
1300 854 1481 895 auderet
1510 855 1607 907 qui-

158 924 288 966 dam.'
348 935 413 964 lv.
445 925 513 965 15.
545 927 557 945 ‘
580 923 782 964 Ceterum
815 923 900 963 sibi
932 935 986 962 eo
1026 922 1235 962 leviorem
1268 921 1462 961 dolorem
1493 934 1605 971 esse,

157 990 275 1045 quod
297 1003 383 1031 non
405 991 447 1031 in
470 989 723 1039 certamine,
754 1001 893 1041 neque
915 989 959 1028 in
982 988 1082 1028 luce
1104 988 1225 1037 belli,
1250 987 1450 1028 Achilles
1472 988 1606 1028 inter-

160 1059 300 1100 fectus
320 1064 454 1107 esset,
475 1070 564 1111 quo
592 1056 815 1097 fortiorem
839 1069 893 1097 ne
925 1062 1108 1109 optasse
1139 1054 1319 1109 quidem
1340 1068 1607 1108 quemquam

158 1125 350 1167 existere
383 1138 514 1174 nunc,
538 1124 609 1164 vel
638 1124 681 1164 in
712 1124 997 1177 praeteritum,
1029 1128 1222 1175 excepto
1264 1135 1352 1162 uno
1383 1121 1460 1162 illo
1495 1122 1607 1162 Her-

158 1191 284 1234 cule.’
341 1191 581 1244 Vindingio
610 1189 966 1231 substituendum
997 1189 1171 1230 videtur
1200 1187 1504 1241 ‘graviorem,’
1526 1188 1607 1228 sed

158 1271 408 1313 perperam.
468 1257 586 1298 Nam
626 1256 843 1297 sententia
879 1256 981 1305 loci,
1019 1255 1172 1308 inepte
1207 1254 1358 1295 forsan
1392 1254 1606 1306 gloriosa,

157 1327 256 1367 haec
285 1330 369 1375 est,
390 1325 597 1367 leviorem
628 1323 715 1364 sibi
745 1335 843 1363 esse
865 1322 1058 1362 dolorem
1090 1322 1210 1362 necis
1241 1324 1454 1374 paternae,
1486 1320 1606 1374 quod

158 1405 248 1433 non
287 1396 442 1445 aperto
482 1389 626 1430 Marte
666 1389 721 1429 ab
761 1388 1014 1430 adversario
1051 1387 1262 1428 validiore
1295 1387 1356 1428 sit
1384 1389 1527 1428 victus
1560 1393 1607 1428 et

159 1459 362 1501 occisus:
396 1457 468 1498 Ita
488 1457 603 1497 enim
618 1456 834 1497 mansisse
854 1468 952 1495 eum
973 1455 1185 1496 invictum
1207 1455 1263 1495 ab
1285 1455 1511 1495 omnibus:
1534 1453 1608 1495 Ita

158 1528 380 1574 constare,
395 1536 479 1564 non
501 1522 708 1563 extitisse
724 1534 975 1575 quenquam
994 1521 1218 1561 fortiorem
1239 1521 1354 1574 ipse,
1369 1520 1456 1561 nisi
1472 1533 1606 1561 unum

158 1592 410 1638 Herculem,
432 1591 566 1631 immo
587 1589 800 1629 neminem
821 1601 975 1629 ausum
1004 1589 1143 1629 fuisse
1178 1601 1279 1628 eum
1309 1600 1361 1628 eo
1393 1587 1438 1627 in
1468 1592 1602 1628 certaq

155 1671 253 1700 men
274 1656 493 1710 congredi.
553 1655 667 1705 Quae
690 1655 838 1696 omnia
860 1666 990 1695 secus
1013 1668 1060 1695 se
1082 1654 1358 1703 habuissent,
1379 1654 1418 1694 si
1449 1655 1492 1694 in
1516 1666 1607 1694 cer-

158 1726 322 1766 tamine
356 1727 399 1764 et
427 1723 525 1763 luce
553 1721 657 1762 belli
687 1721 943 1762 interfectus
977 1721 1150 1771 suisset,
1170 1734 1273 1762 nam
1302 1721 1368 1762 ita
1406 1719 1609 1763 validiori

156 1790 463 1833 succubuisset
483 1788 751 1830 adversario.

215 1869 260 1900 v.
276 1857 348 1898 11.
379 1859 392 1878 ‘
412 1855 556 1907 Quem
587 1854 729 1896 offerri
751 1854 911 1895 donum
943 1855 1170 1905 Minervae,
1191 1854 1384 1895 maxime
1412 1855 1607 1896 omnium

157 1939 232 1967 ore
269 1921 548 1977 agitabatur?
607 1921 737 1973 Legit
766 1920 1069 1971 ‘maximum,'
1099 1925 1143 1962 et
1169 1922 1234 1962 ita
1263 1921 1496 1962 ediderunt
1515 1922 1606 1963 alii.

155 1991 243 2034 Sed
263 1991 372 2032 nihil
392 2002 445 2031 eo
465 2001 593 2042 opus,
612 1987 745 2029 modo
764 1987 1026 2040 distinguas,
1050 1992 1100 2028 ut
1119 1987 1223 2038 feci,
1245 1987 1427 2042 quando
1449 2000 1607 2029 sensus

156 2063 225 2101 est
242 2057 521 2114 perspicuus,

217 2137 280 2166 vi.
302 2125 342 2166 1.
371 2129 383 2147 ‘
405 2125 652 2178 Postquam
683 2124 920 2177 impositis,
938 2137 1036 2178 quae
1068 2123 1224 2176 singuli
1252 2123 1368 2164 bello
1388 2124 1605 2176 quaesive-

160 2197 267 2243 rant,
284 2192 517 2233 ascendere
536 2189 657 2245 ipsi?
717 2189 839 2240 Quid
869 2190 1011 2243 magis
1038 2190 1233 2244 planum,
1254 2189 1398 2230 minus
1420 2190 1608 2243 impedi-

157 2266 246 2302 tum
267 2260 360 2300 dari
379 2259 555 2313 potest?
576 2261 587 2279 ‘
602 2257 699 2312 Ipsi
713 2256 723 2272 '
744 2257 942 2298 homines
964 2261 1244 2311 opponuntur
1260 2257 1390 2298 rebus
1404 2257 1446 2297 in
1466 2270 1603 2298 naves

157 2331 169 2351 ‘
183 2325 431 2380 impositis?
489 2325 546 2367 Et
575 2329 717 2366 tamen
739 2324 858 2379 quod
878 2325 1062 2375 mireris,
1085 2324 1311 2366 delendum
1344 2327 1356 2347 ‘
1371 2324 1460 2377 ipsi
1475 2323 1485 2338 '
1504 2337 1605 2377 pro-

154 2395 334 2436 nuntiat.

243 2870 357 2911 Delph.
374 2874 403 2902 et
427 2871 501 2902 Ver.
519 2871 603 2901 Clas.
782 2871 875 2901 Dict.
894 2871 980 2900 Cret.
1490 2866 1518 2896 E
