1915 3231
344 289 401 328 32
693 300 796 330 Mc,
831 300 1083 330 Punizomi
1122 299 1450 330 missurum-irio

347 394 574 447 proprium
593 393 838 444 convertit:
872 394 955 435 hoc
977 399 1062 443 est,
1085 407 1254 434 omnem
1285 394 1379 447 ejus
1408 407 1501 434 rem
1532 393 1794 436 familiarem

345 473 424 513 per
442 460 590 500 scelus
611 460 697 501 sibi
718 461 940 502 vindicat:
972 473 1073 501 nam
1105 460 1256 501 omnia
1284 460 1386 501 istic
1416 460 1615 513 ‘indigne
1636 459 1793 515 rapta'

344 541 451 569 mox
471 528 688 569 dicuntur.
748 528 885 569 Plane
916 531 963 568 ut
984 527 1135 568 Graeci
1156 525 1251 567 οἷκον
1271 533 1316 567 et
1346 525 1464 566 οἰκίαν
1483 540 1535 568 eo
1563 540 1694 568 sensu
1717 527 1796 569 ad-

345 594 496 636 hibere
517 598 622 636 sunt
654 595 790 637 soliti.
851 595 970 636 Ibid.
1002 598 1015 616 ‘
1034 594 1148 635 Cum
1182 595 1402 637 obstinate
1427 595 1471 636 hi
1501 595 1616 648 regis
1637 607 1794 636 necem

346 661 756 713 defenderent,'hoc
787 666 870 712 est,
905 662 1242 704 ulciscerentur:
1273 675 1378 703 nam
1409 675 1490 703 rex
1519 662 1617 716 jam
1649 675 1794 704 caesus

343 734 450 770 erat.
510 729 717 772 Graecum
744 729 826 771 fuit
855 727 1080 781 ἀμύνασθαι,
1102 728 1224 782 quod
1252 741 1343 769 non
1377 727 1668 770 ‘defendere’
1697 733 1794 770 tan-

344 802 438 837 tum
461 797 669 850 aliquem,
684 801 730 837 et
747 798 760 817 ‘
774 796 1038 849 propulsare
1059 796 1115 837 ab
1136 808 1190 836 eo
1207 795 1399 846 malum‚’
1419 795 1497 836 sed
1520 801 1566 837 et
1587 798 1601 817 ‘
1615 795 1771 837 ulcisci
1784 796 1796 812 '

342 868 482 905 notat.
504 877 602 917 cap.
616 865 657 905 6.
678 866 691 884 ‘
709 862 939 904 Conducto
961 861 1189 914 Concilio‚'
1211 862 1388 913 Graece,
1407 860 1637 918 συναγαγών
1656 864 1793 912 ἐκκλη-

344 929 445 980 σίαν,
467 929 712 986 συναχθείσης
731 929 950 979 ἐκκλησίας.
1012 931 1071 971 Et
1091 931 1157 971 Sic
1180 944 1282 984 cap.
1299 930 1341 972 S.
1362 933 1375 951 ‘
1392 931 1531 972 Senes
1552 929 1794 980 conducit,’

344 996 498 1052 συνάγει
529 998 611 1045 τοὺς
640 996 924 1053 πρεσβυτέρους,
960 999 1029 1039 vel
1057 998 1139 1045 τοὺς
1167 997 1363 1052 Γέροντας.
1397 1012 1434 1039 c.
1457 999 1528 1039 14.
1558 1001 1571 1019 ‘
1590 997 1792 1039 Achilles

344 1063 471 1105 Pelei
498 1070 542 1105 et
569 1064 804 1113 Thetidos,
839 1077 940 1117 quae
966 1077 1026 1104 ex
1055 1064 1240 1106 Chirone
1261 1065 1490 1106 dicebatur
1506 1064 1530 1106 ε’
1560 1065 1727 1106 omisso
1747 1066 1793 1105 in

342 1131 564 1183 prioribus
603 1129 778 1181 ‘filius‚’
807 1130 924 1184 quod
954 1130 1144 1182 Graecis,
1180 1132 1256 1185 qui
1287 1132 1490 1181 articulo,
1522 1145 1609 1185 quo
1641 1136 1792 1173 carent

343 1198 504 1249 Latini,
525 1198 570 1239 id
602 1198 844 1250 designant,
865 1203 935 1239 est
965 1198 1378 1252 frequentissimum,
1400 1200 1514 1240 unde
1546 1199 1593 1239 id
1627 1199 1793 1240 Noster

342 1279 521 1320 quoque
556 1266 726 1315 habuit,
749 1265 823 1319 qui
853 1267 1025 1319 passim
1049 1267 1113 1307 ita
1142 1270 1303 1320 praeter
1331 1279 1496 1307 morem
1517 1266 1791 1308 Latinorum.

342 1334 418 1375 Sic
441 1345 470 1374 1.
496 1335 533 1375 l.
564 1333 819 1387 ‘Clymenae
850 1338 893 1374 et
926 1333 1117 1387 Nauplii
1152 1333 1447 1375 Palamedes!
1480 1334 1626 1375 11.11.
1658 1332 1792 1374 ‘Sar-,

341 1401 488 1454 pedon
523 1400 698 1441 Xanthi
732 1405 777 1441 et
816 1400 1102 1450 Laodamiae,'
1142 1412 1207 1441 lv.
1231 1401 1299 1443 18.
1331 1404 1343 1422 ‘
1363 1401 1566 1442 Helenus
1597 1400 1793 1450 Priami?

341 1473 479 1521 atque
496 1468 618 1509 alibi.
648 1468 903 1509 Posteriora
919 1469 1031 1509 certi
1052 1474 1153 1509 sunt
1174 1468 1423 1518 Graecismi,
1440 1473 1484 1509 et
1505 1468 1647 1510 solitae
1664 1467 1791 1510 Grae·

341 1535 408 1575 cis
430 1536 654 1589 ellipseos,
675 1536 753 1585 ἥτις
782 1536 822 1574 ἐκ
843 1534 1018 1591 Χείρωνος
1049 1534 1214 1590 ἐλέγετο,
1250 1537 1425 1577 scilicet
1455 1533 1563 1585 οὖσα,
1592 1535 1677 1576 hoc
1707 1540 1791 1586 est,

340 1605 355 1623 ‘
373 1601 500 1656 quae‚'
528 1616 613 1643 non
641 1616 697 1644 ex
720 1603 881 1654 Nereo,
903 1610 950 1645 ut
969 1604 1100 1656 vulgo
1120 1604 1270 1654 fertur,
1291 1604 1371 1645 sed
1401 1604 1549 1644 verius
1579 1605 1592 1624 ‘
1607 1615 1666 1644 ex
1687 1602 1793 1645 Chi-

340 1682 446 1710 rone
481 1670 740 1720 dicebatur:
778 1675 889 1712 orta.
949 1671 1107 1712 Possis
1147 1672 1281 1712 etiam
1311 1672 1376 1712 ita
1406 1670 1631 1723 accipere,
1661 1670 1790 1723 quasi

340 1735 500 1777 Graece
521 1737 695 1786 fuisset,
715 1739 778 1785 τῆς
799 1738 841 1776 ἐκ
857 1735 1033 1791 Χείρωνος
1055 1735 1295 1791 καλουμένης,
1315 1751 1394 1779 seu
1422 1735 1635 1792 λεγομένης,
1657 1740 1671 1758 ‘
1685 1749 1788 1790 quae

341 1816 369 1844 a
403 1803 591 1845 Chirone
627 1803 1047 1856 cognominabatur,'
1085 1804 1170 1846 hoc
1209 1809 1291 1856 est,
1321 1805 1551 1846 dicebatur
1581 1803 1788 1845 Chironis

338 1870 442 1912 filia.
502 1871 578 1912 Sic
609 1871 728 1925 apud
751 1872 941 1912 Dionem
962 1871 1170 1913 Cassium
1198 1872 1277 1913 lib.
1302 1883 1421 1913 nvn.
1458 1871 1519 1911 τὸν
1543 1869 1704 1925 Τιβέριον
1723 1869 1789 1910 ἀπ’

341 1939 453 1987 αὐτῆς
474 1937 744 1988 ἐπικαλεῖσθαι,
775 1941 788 1960 ‘
805 1938 1033 1980 Tiberium
1053 1939 1358 1992 cognominari
1387 1951 1444 1980 ex
1465 1937 1548 1989 ea,'
1569 1951 1650 1980 seu
1671 1940 1683 1961 ‘
1697 1937 1789 1979 dici

339 2004 434 2058 ejus
468 2005 611 2046 Liviae
651 2004 818 2046 filium?
875 2005 1102 2046 Plutarch.
1144 2006 1199 2047 de
1230 2005 1407 2046 Mulier.
1435 2004 1629 2054 Virtute,
1659 2003 1789 2046 ‘Lex

339 2077 434 2114 erat
465 2073 695 2123 Xanthiis,
724 2074 775 2125 μὴ
805 2072 994 2128 πατρόθεν,
1022 2072 1114 2112 ἀλλ’
1143 2072 1215 2112 ἀπὸ
1245 2073 1380 2128 μητρὸς
1406 2069 1668 2127 χρηματίζειν,
1687 2084 1739 2112 ne
1759 2084 1787 2113 a

339 2144 476 2193 patre,
496 2140 573 2181 sed
602 2153 629 2181 a
650 2143 784 2181 matre
804 2138 1242 2192 cognominarentur:
1263 2140 1346 2180 hoc
1368 2145 1450 2189 est,
1470 2143 1519 2180 ut
1539 2151 1686 2180 eorum
1706 2151 1787 2180 no-

338 2207 446 2247 mini
478 2207 722 2256 adderetur,
740 2221 826 2249 non
847 2207 975 2260 cujus
1006 2207 1160 2260 patris,
1185 2208 1266 2249 sed
1297 2207 1427 2261 cujus
1456 2206 1608 2248 matris
1636 2209 1787 2248 essent

338 2274 434 2315 filii.
464 2275 668 2316 AElianus
687 2285 795 2315 vlu.
811 2275 854 2315 5.
873 2273 937 2326 ἀφ’
958 2270 1006 2313 ὦν
1022 2277 1060 2314 αἱ
1082 2275 1219 2314 ’δώδεκα
1238 2274 1362 2321 πόλεις
1384 2271 1601 2322 ἐκλήθησαν,
1621 2274 1634 2293 ‘
1649 2286 1677 2314 a
1690 2272 1786 2326 qui-

338 2342 422 2382 bus
441 2352 533 2382 Χιι.
554 2342 645 2383 illae
677 2342 806 2382 urbes
826 2341 1184 2395 appellabantur:
1206 2341 1308 2382 dum
1330 2340 1503 2382 scilicet
1522 2339 1612 2380 illae
1634 2340 1783 2389 urbes,

339 2421 421 2449 suo
448 2409 627 2462 proprio
647 2409 821 2450 nomine
850 2408 1064 2462 praeditae,
1094 2409 1228 2461 vulgo
1249 2408 1381 2449 etiam
1412 2407 1669 2448 dicebantur
1687 2406 1787 2446 illo·

338 2489 431 2516 rum
450 2489 549 2516 esse
571 2476 807 2516 hominum.
852 2475 968 2516 Ibid.
996 2479 1008 2496 ‘
1027 2475 1264 2517 Medicinae
1285 2475 1390 2516 artis
1406 2473 1417 2489 ’
1438 2474 1483 2514 in
1503 2473 1588 2514 hoc
1605 2476 1784 2514 auctore

338 2542 394 2583 ad
417 2543 715 2584 Graecisrnum
741 2543 890 2596 potius
921 2544 1079 2593 refero,
1102 2555 1232 2596 quam
1263 2555 1364 2583 cum
1386 2540 1600 2594 Scioppio
1621 2538 1676 2580 ad
1700 2538 1782 2580 Ar-

338 2610 596 2651 chaismum.
628 2610 802 2652 Graecis
819 2610 984 2665 Ἰατρικὴ
1001 2608 1115 2665 τέχνη
1137 2610 1309 2651 dicitur.
1342 2619 1394 2650 ιι.
1407 2610 1448 2649 5.
1469 2611 1482 2628 ‘
1496 2606 1540 2649 N
1543 2620 1598 2648 on
1614 2606 1780 2647 alienos

338 2676 505 2727 generis
528 2675 624 2726 sui,’
642 2680 685 2717 et
705 2688 767 2717 vr.
788 2678 827 2719 7.
860 2680 873 2698 ‘
890 2676 1124 2719 Assandro
1146 2689 1233 2718 non
1256 2677 1402 2717 alieno
1431 2673 1583 2715 Pelei:
1639 2672 1782 2714 Plane

337 2742 399 2782 uti
422 2743 541 2795 apud
574 2743 759 2784 Graecos
791 2757 889 2785 cnm
919 2744 1005 2784 hoc
1036 2756 1143 2784 casu
1175 2743 1443 2784 construitur
1474 2740 1515 2780 τὸ
1550 2737 1777 2792 Ἀλλότριρς.

335 2822 434 2862 cap.
459 2810 525 2850 123.
557 2812 569 2829 ‘
590 2810 715 2851 Nihil
747 2810 1141 2860 summetuentem:
1177 2810 1352 2859 Graece,
1383 2808 1476 2848 οὐδὲν
1512 2803 1778 2857 ὑποδεδοικότα,
