1915 3231
656 308 718 338 nn
754 307 841 337 [Lu
879 307 1126 338 emmelos
1578 296 1606 335 9

154 404 356 457 fingimus
395 406 508 444 retro
541 415 710 454 semper
754 414 853 442 eam
899 401 1129 455 periodum
1173 400 1436 440 obtinuisse.
1499 399 1605 441 Erat

151 473 283 524 igitur
322 471 387 511 11.
418 483 560 510 annus
591 469 790 509 desinens
824 470 994 523 periodi
1031 468 1213 509 Atticae.
1275 469 1458 519 Semper
1491 468 1605 508 euim

153 537 403 579 deducendi
426 540 527 576 sunt
553 536 622 577 38.
645 536 748 576 anni
780 536 836 576 de
867 535 1052 588 periodo
1085 535 1339 589 Olympica,
1368 540 1419 574 ut
1439 534 1604 575 habeas

151 604 382 658 periodum
405 601 600 643 Atticam
623 615 633 644 z
666 608 741 643 aut
774 607 939 649 contra,
960 601 1216 655 adjiciendi.
1277 602 1383 643 Non
1405 602 1520 642 enim
1541 615 1607 642 re·

150 671 233 712 fert
251 676 350 711 utro
382 670 516 710 modo
544 669 786 722 experiare.
848 668 964 721 Ergo
997 668 1239 721 plenilunio
1275 669 1360 709 hoc
1404 669 1607 720 contigit.

152 737 210 778 Et
245 750 351 778 sane
384 736 602 790 quosdam
630 737 685 776 de
721 735 1040 776 vetustioribus
1071 735 1188 776 idem
1224 735 1419 776 sensisse
1453 736 1608 776 scribit

150 803 377 845 Clemens:
408 802 487 842 Καί
517 819 610 850 τινες
640 806 712 842 τῶν
743 806 795 842 τοὶ
823 803 986 842 Ἀττικοὶ
1016 800 1368 857 συγγραψαμένων,
1394 800 1500 856 ὀγδόῃ
1524 801 1608 850 φθί-

151 885 267 917 νοντος
310 873 606 924 (Θαργηλιῶνος)
638 869 903 919 βασιλεύοντος
942 869 984 908 τὸ
1019 870 1231 909 τελευταῖον
1262 868 1341 916 ἔτος
1380 867 1606 918 Μενεσθέως,

149 936 374 986 πληθυούσης
394 936 560 986 σελήνης.
622 936 714 987 Qui
745 950 886 978 annos
919 936 1019 977 407.
1049 941 1217 989 ponunt
1238 949 1265 977 a
1286 941 1422 990 capto
1445 936 1531 977 Ilio
1548 936 1606 977 ad

150 1005 334 1057 primam
357 1003 681 1058 Olympiadem,
708 1004 753 1044 hi
773 1004 946 1043 omnino
969 1008 1149 1044 censent
1167 1008 1346 1056 captum
1368 1004 1470 1044 luna
1491 1004 1607 1044 vice-

150 1070 266 1112 sima
286 1071 496 1112 secunda.
556 1072 728 1112 Auctor
749 1071 864 1111 enim
899 1073 963 1118 τῆς
987 1072 1123 1125 μικρᾶς
1157 1070 1313 1117 Ἰλιάδος
1345 1071 1409 1110 ita
1431 1070 1602 1111 scribit:

151 1137 237 1186 Νὺξ
279 1137 345 1189 μὲν
379 1136 434 1186 ἔην
464 1136 632 1190 μεσάτα,
659 1138 818 1192 λαμπροὶ
835 1138 870 1178 δὲ
894 1136 1068 1176 ἐπέτελλε
1087 1136 1245 1177 σελάνα.
1305 1136 1375 1176 Ex
1406 1137 1489 1178 hoc
1512 1150 1607 1178 ver-

151 1205 293 1245 siculo
315 1204 525 1245 Clemens
557 1206 707 1246 nititur
738 1205 996 1246 confirmare
1037 1217 1190 1245 eorum
1230 1206 1488 1245 sententiam
1528 1205 1606 1258 qui

153 1272 308 1313 volunt
348 1272 591 1326 plenilunio
621 1273 686 1321 τὴν
717 1269 860 1311 ἅλωσιν
890 1270 1005 1311 Ἰλίου
1046 1273 1299 1325 contigisse.
1360 1272 1448 1313 Sed
1496 1284 1607 1326 pace

151 1338 438 1380 eruditissimi
459 1339 684 1392 scriptoris
707 1337 912 1379 ἐπιτέλλειν
932 1352 1021 1380 non
1043 1338 1262 1390 significat
1284 1339 1471 1388 Lucere,
1486 1339 1606 1393 quod

151 1405 248 1459 ipse
271 1407 391 1447 aliud
413 1419 547 1458 agens
569 1409 713 1459 putat,
734 1407 812 1447 sed
835 1406 966 1455 oriri,
988 1411 1035 1447 et
1058 1407 1260 1458 Incipere
1282 1419 1508 1459 apparere.
1552 1407 1606 1447 In

151 1472 378 1514 idiotismo
402 1473 654 1527 Hispanico
684 1474 1014 1524 elegantissime
1042 1473 1205 1513 dicitur
1235 1471 1476 1514 Assomar:
1520 1473 1606 1514 La-

151 1539 257 1588 tine,
300 1540 517 1582 Existere.
593 1540 834 1593 Euripides
874 1540 1070 1580 Hecuba
1119 1538 1367 1585 Μεο-ονόκτιος
1411 1539 1606 1591 ὠλλύμαν.

151 1605 222 1646 Ibi
243 1606 453 1647 Scholion
483 1612 614 1647 vetus
650 1607 767 1659 apud
803 1607 1008 1647 Fulvium
1032 1605 1264 1647 Ursinum:
1298 1605 1551 1654 Καλλισθένης
1573 1608 1607 1646 ἐν

150 1670 303 1727 δευτέρῳ
326 1676 396 1712 τῶν
416 1673 649 1722 Ἑλληνικῶν
676 1671 770 1713 οὕτω
789 1671 945 1729 γράφει·
969 1673 1069 1713 ἑάλω
1099 1675 1133 1714 δὲ
1156 1677 1174 1722 ἡ
1202 1672 1313 1728 Τροία
1348 1679 1607 1728 Θαργηλιῶνος

149 1740 272 1791 μηνὸς,
303 1741 349 1787 ὠς
379 1738 445 1791 μέν
477 1758 569 1788 τινες
606 1744 798 1799 ἶστοςικῶν
829 1739 938 1796 ὀγδόῃ
971 1739 1186 1794 ἱσταμένου,
1207 1741 1253 1788 ὠς
1283 1740 1355 1780 δὲὸ
1386 1743 1448 1790 τὴν
1469 1744 1607 1798 μικράν

148 1807 310 1856 Ἰλιάδα,
343 1805 453 1862 ὀγδόῃ
486 1807 680 1855 <teneor-05.
737 1808 892 1863 Διορῖζει
918 1811 996 1863 γὰρ
1030 1809 1138 1855 αὐτὸς
1167 1811 1231 1859 τὴν
1260 1806 1418 1858 ἅλωσιν,
1451 1809 1608 1862 φάσκων

150 1875 338 1925 συμβῆναι
360 1872 448 1915 τότε
467 1877 531 1924 τὴν
553 1875 786 1926 κατάληψιν,
806 1875 912 1926 η’νίκα
934 1877 1018 1926 Νὺξ
1037 1876 1103 1928 μὲν
1126 1874 1181 1925 ἔην
1201 1874 1372 1928 μεσάτα,
1390 1879 1549 1931 λαμπροὶ
1571 1877 1607 1916 δὲ

152 1939 328 1981 ἐπέτελλε
348 1942 493 1992 σελήνη.
525 1943 767 1995 μησονύκτιος
788 1944 822 1984 δὲ
842 1943 948 1997 μόνον
974 1948 1021 1999 τῇ
1052 1942 1158 1999 ὀγδόῃ
1182 1944 1363 1992 φθίνοντος
1389 1944 1605 1985 ἀνατέλλει.

149 2011 257 2049 ἀλλὰ
285 2010 352 2061 μὲν
377 2012 415 2050 οὐ
435 2010 720 2065 συμπεφώνηκεν
745 2011 955 2068 Εὐριπίδης,
990 2016 1038 2060 ὠς
1076 2011 1369 2066 ὄμολογουμένης
1398 2015 1461 2058 τῆς
1491 2010 1604 2060 δόξης·

150 2075 382 2131 Λυσίμαχος
404 2075 438 2117 δέ
460 2089 566 2131 φησιν
588 2083 839 2131 Δημοφῶντος
858 2079 1026 2135 Ἀθήνῃσι
1059 2078 1320 2130 βασιλεύοντος
1352 2077 1451 2125 ἔτους
1473 2078 1606 2134 τεταρ-

149 2159 230 2193 του,
255 2150 516 2199 Θαργηλιῶνος
539 2144 736 2198 ἱσταμένου
757 2146 954 2201 δωδεκάτῃ.
1015 2146 1107 2196 Qui
1127 2159 1264 2186 annos
1293 2146 1392 2186 406.
1415 2152 1464 2186 ut
1485 2146 1606 2198 apud

151 2210 410 2261 Eusebium,
432 2213 676 2265 assignant,
692 2215 724 2254 ii
746 2215 887 2268 primo
904 2227 1018 2254 anno
1041 2213 1264 2267 sequentis
1285 2212 1606 2262 Tetraeteridis,

149 2278 236 2318 hoc
258 2283 342 2327 est,
363 2279 433 2319 13.
463 2279 647 2332 periodi,
668 2285 853 2334 captum
882 2281 997 2321 Ilion
1019 2280 1196 2320 omnino
1216 2279 1384 2328 volunt,
1405 2279 1487 2320 hoc
1521 2285 1606 2326 est,

148 2349 279 2385 nocte
319 2345 459 2385 illuni.
519 2345 608 2386 Sed
650 2360 781 2387 nemo
811 2352 1006 2388 veterum
1047 2351 1218 2387 noctem
1257 2346 1437 2387 illunem
1467 2346 1604 2387 fuisse

150 2410 312 2463 prodit.
372 2411 527 2465 Itaque
549 2413 755 2455 audiendi
776 2428 862 2455 non
886 2419 1003 2456 sunt.
1063 2414 1296 2455 Postremo
1311 2414 1388 2466 qui
1407 2414 1507 2453 405.
1529 2426 1606 2454 an-

149 2489 231 2518 nos
252 2482 421 2531 putant,
443 2479 475 2519 ii
497 2480 688 2533 septima
703 2481 806 2522 luna
826 2482 1044 2523 accidisse
1065 2480 1237 2531 volunt,
1259 2493 1372 2521 anno
1395 2480 1606 2521 Tetraete-

148 2545 257 2586 ridis
278 2545 507 2598 sequentis
529 2547 742 2597 secundo,
763 2549 937 2601 periodi
960 2549 1029 2588 14.
1078 2547 1319 2600 Virgilius:

263 2612 323 2653 Et
336 2614 431 2666 jam
451 2611 618 2666 Argiva
640 2615 839 2668 phalanx
860 2615 1090 2656 instructis
1108 2614 1298 2655 navibus
1320 2613 1414 2654 ibat

265 2679 516 2730 ATenedo‚
537 2681 684 2723 tacitae
706 2695 786 2735 per
807 2682 950 2722 amica
973 2681 1148 2722 silentia
1162 2681 1293 2720 lunae.

151 2745 358 2787 Servius:
377 2749 390 2767 ‘
407 2746 608 2800 Septima
627 2749 733 2790 luna
754 2753 890 2803 capta
911 2753 980 2790 est
1000 2748 1153 2802 Troja,
1172 2746 1298 2800 cujus
1320 2746 1604 2790 simulacrum

151 2813 267 2865 apud
286 2811 433 2867 Argos
456 2815 759 2857 constitutum.
819 2817 939 2858 Hinc
960 2821 1027 2858 est
1049 2815 1167 2869 quod
1195 2814 1325 2856 dicit:
1358 2814 1507 2856 oblati
1527 2829 1604 2869 per
