1915 3231
267 272 322 313 28
615 284 717 314 ΜΟ,
752 284 1004 315 νΕηιΖοΝιι
1044 284 1371 315 nissER'rArro

269 378 387 419 sicut
410 377 595 428 Helena,
616 378 775 419 suerint
795 382 952 432 raptae,
980 383 1024 419 et
1055 377 1155 419 ideo
1185 378 1354 431 potius,
1375 382 1585 431 tanquam
1605 377 1718 419 vilia

268 458 472 499 corpora,
491 447 536 486 in
564 447 816 487 servitutem
846 446 1071 487 videantur
1101 445 1321 495 abductae,
1343 445 1443 499 quis
1463 445 1561 486 haec
1582 445 1717 486 verba

268 513 463 553 historiae
482 518 617 566 parce
641 512 756 553 adeo
778 513 1002 566 expositae
1034 513 1163 553 aliter
1194 513 1432 565 acciperet,
1462 525 1594 566 quam
1617 511 1717 553 Me-

267 579 444 620 nelaum
465 579 606 621 fuisse
627 581 774 621 animo
795 584 1121 621 consternatum
1144 580 1202 621 ob
1224 579 1440 634 injuriam,
1461 592 1592 633 quam
1615 592 1719 633 pas-

267 660 329 688 sae
350 646 510 688 fuerint
530 660 583 689 eo
603 652 732 700 raptu
752 647 947 688 illustres
968 647 1055 688 illae
1072 647 1268 688 foeminae
1281 647 1300 686 Ἰ
1342 645 1402 687 Et
1429 647 1561 687 miror
1595 659 1717 697 sane,

268 713 375 753 nihil
396 725 576 766 prorsus
604 714 735 754 isthic
756 726 783 754 a
805 726 1027 767 quoquam
1048 726 1103 754 ea
1124 713 1178 754 de
1197 726 1242 754 re
1263 717 1537 754 annotatum.
1596 713 1718 755 Nam

269 784 383 820 certe
405 780 535 833 longe
556 782 680 822 aliter
699 794 746 821 se
767 794 837 821 res
864 781 1037 832 habuit,
1061 784 1105 822 et
1125 780 1312 823 Graecus
1333 781 1408 821 ille
1437 780 1597 834 Dictys
1631 781 1720 822 his-

269 846 428 888 toriam
449 847 578 897 hanc,
598 860 683 888 non
717 848 841 888 aliter
859 847 1050 901 quidem,
1079 847 1156 888 sed
1183 849 1412 901 copiosius
1433 852 1577 889 tamen
1598 860 1720 889 enar-

268 914 396 964 ravit,
418 914 521 955 dum
542 927 626 955 non
649 915 813 965 omisit,
835 920 884 956 ut
901 921 1048 956 noster
1068 915 1328 968 Septimius,
1348 915 1719 967 circumstantias,

271 993 331 1022 ex
362 982 523 1034 quibus
553 982 673 1022 illius
707 983 717 1001 ‘
741 981 911 1035 injuriae
929 981 939 997 '
970 986 1014 1022 et
1049 982 1446 1023 ‘consternationis
1464 982 1475 999 '
1504 982 1618 1023 ratio
1642 996 1721 1036 ap-

269 1052 459 1100 pareret.
518 1047 651 1098 Nam,
688 1051 735 1088 ut
775 1061 833 1088 ex
875 1047 1045 1088 Malela
1083 1048 1288 1089 novimus
1319 1049 1396 1090 lib.
1419 1059 1464 1089 V.
1497 1061 1599 1102 pag.
1621 1050 1720 1092 119.

269 1114 398 1155 Paris
420 1127 498 1167 per
518 1114 715 1155 AEthram
737 1119 782 1155 et
803 1113 1041 1168 Clymenen
1070 1117 1082 1135 ‘
1099 1115 1294 1168 corrupit
1313 1115 1325 1131 '
1355 1114 1609 1170 (ὑπενόθευο-ε)
1629 1116 1723 1159 He-

269 1182 425 1231 lenam,
449 1181 574 1222 etita
606 1182 719 1222 ultro
750 1181 820 1222 hae
849 1181 1057 1222 mulieres
1079 1195 1181 1222 cum
1210 1182 1389 1224 Helena
1409 1183 1465 1223 de
1496 1183 1658 1225 Paride
1677 1185 1722 1225 in

268 1248 415 1300 fugam
448 1261 498 1289 se
529 1248 758 1289 dederunt.
817 1247 939 1288 Hinc
969 1248 1063 1301 jam
1094 1249 1213 1302 apud
1247 1249 1461 1291 Malelam
1499 1262 1603 1304 pag.
1624 1251 1721 1292 120.

271 1315 518 1368 MenelauS‚
534 1328 632 1357 cum
650 1316 940 1356 intellexisset
959 1315 1074 1357 hunc
1093 1321 1269 1370 raptum
1291 1321 1333 1358 et
1352 1316 1516 1370 fugam,
1538 1318 1658 1359 stetit
1678 1321 1722 1359 et

269 1383 427 1423 mansit
449 1383 723 1436 aliquamdiu
761 1386 774 1403 ‘
795 1387 975 1436 stupore
997 1383 1210 1425 defixus?
1239 1383 1334 1423 πολὺ
1363 1387 1444 1441 γὰρ
1475 1384 1628 1435 ἐλυπῆθη
1661 1385 1722 1425 διὰ

269 1450 332 1498 τὴν
364 1448 512 1504 Αἴθραν
554 1447 593 1498 ἧν
625 1453 704 1505 γὰρ
741 1448 888 1505 ἔχουσα
917 1448 1100 1500 ὑπόληψιν
1133 1450 1220 1506 παρ’
1249 1453 1353 1506 αὐτῷ
1383 1451 1571 1508 σώφρονος
1599 1452 1721 1494 πάνυε

269 1519 282 1537 ‘
298 1517 481 1558 multum
499 1518 612 1558 enim
644 1517 790 1558 animo
825 1522 1069 1559 commotus
1103 1523 1175 1559 est
1205 1519 1249 1559 in
1271 1518 1528 1570 tristitiam,'
1546 1520 1723 1561 scilicet

270 1584 362 1631 irae,
378 1586 391 1604 ‘
402 1587 580 1637 propter
594 1584 816 1625 AEthram:
833 1584 1108 1625 excitaverat
1117 1585 1232 1625 enim
1248 1585 1327 1626 illa
1339 1586 1425 1626 sibi
1442 1586 1559 1639 apud
1573 1587 1722 1641 ipsum

271 1651 645 1691 existimationem
661 1651 856 1693 foeminae
879 1664 1057 1706 prorsus
1075 1658 1212 1694 castae
1232 1657 1278 1693 et
1297 1652 1477 1707 probae?
1507 1653 1720 1695 Videmus

271 1717 386 1767 hinc,
423 1731 558 1771 quare
589 1718 654 1759 ita
684 1719 849 1760 ‘multo
890 1720 1079 1772 amplius
1107 1721 1164 1760 ob
1194 1720 1398 1773 injuriam
1431 1733 1609 1761 suarum
1631 1720 1722 1761 affi-

269 1785 391 1826 nium
421 1785 752 1827 consternatus'
781 1787 911 1827 fuerit
942 1786 1189 1837 Menelaus,
1216 1793 1306 1828 tum
1345 1800 1447 1840 quae
1480 1788 1561 1829 illa
1590 1787 1724 1829 suerit

270 1865 417 1893 earum
439 1852 655 1906 ‘injuriaJ
683 1854 872 1903 scilicet,
904 1867 991 1896 non
1024 1867 1157 1908 quam
1193 1867 1341 1909 passae
1374 1868 1402 1895 a
1431 1855 1612 1905 Paride,
1640 1854 1721 1895 sed

272 1932 405 1972 quam
425 1920 620 1962 fecerunt
652 1920 876 1972 Menelao,
898 1922 1002 1963 dum
1032 1922 1187 1963 furtivi
1207 1922 1369 1963 amoris
1390 1923 1499 1963 inter
1522 1923 1653 1963 Parin
1674 1927 1720 1964 et

274 1986 491 2027 Helenam
513 1987 683 2028 fuerunt
702 1989 980 2030 internuntiae
1000 1993 1043 2030 et
1058 1989 1394 2038 conciliatrices,
1412 2002 1465 2029 ac
1480 1988 1579 2029 dein
1600 1989 1717 2041 fugae

273 2054 514 2108 adjutrices
537 2060 584 2095 et
604 2056 799 2105 comites,
821 2056 942 2109 quod
961 2060 1005 2098 et
1026 2056 1218 2097 Ovidius
1238 2057 1283 2097 in
1305 2056 1519 2109 Epistolis
1542 2056 1719 2097 Paridis

271 2125 314 2162 et
339 2121 538 2162 Helenes
570 2121 687 2162 haud
722 2123 908 2163 obscure
940 2123 1179 2175 significat,
1201 2123 1279 2163 sed
1302 2123 1428 2177 cujus
1451 2124 1618 2164 nullam
1648 2123 1720 2164 vel

271 2188 494 2229 minimam
531 2188 624 2229 suis
667 2189 905 2230 lectoribus
941 2189 1091 2243 injecit
1131 2189 1430 2242 suspicionem
1477 2190 1720 2243 Septimius

270 2259 433 2304 noster,
466 2255 780 2308 praetermissa,
812 2269 912 2309 quae
954 2256 1010 2297 ad
1040 2257 1235 2297 historiae
1268 2261 1312 2296 et
1352 2255 1573 2311 ‘injuriae'
1602 2257 1720 2297 illius

273 2323 568 2374 cognitionem
590 2324 850 2376 pertinebat,
887 2324 1213 2365 circumstantia
1241 2336 1426 2376 prorsus
1455 2324 1721 2373 necessaria,

272 2401 491 2442 quamque
510 2388 610 2429 ideo
628 2389 816 2431 Graecus
839 2391 1011 2445 DictyS,
1033 2395 1079 2433 et
1101 2390 1179 2444 qui
1198 2403 1299 2431 eum
1321 2392 1445 2444 sequi
1466 2404 1513 2432 se
1541 2389 1720 2444 profite-

271 2460 355 2507 tur,
377 2455 581 2506 Malelas,
601 2457 777 2498 minime
797 2458 1023 2512 praeteriit.

332 2533 426 2563 xil.
458 2523 509 2563 In
531 2523 797 2576 quibusdam
819 2528 963 2566 tamen
982 2525 1114 2566 etiam
1138 2525 1183 2565 in
1204 2525 1395 2574 diversa,
1411 2527 1458 2565 ut
1478 2523 1588 2574 dixi,
1605 2524 1720 2565 abiit

274 2603 301 2631 a
332 2593 484 2630 nostro
514 2590 731 2644 Septimio
754 2590 945 2633 Malelas
975 2592 1074 2641 iste,
1105 2597 1239 2645 atque
1269 2591 1382 2632 adeo
1404 2591 1442 2631 si
1472 2591 1618 2632 omnia
1638 2602 1720 2632 sua

273 2670 333 2697 ex
382 2657 543 2710 Dictye
584 2659 754 2708 sumsit,
794 2659 930 2700 alium
963 2663 1137 2712 oportet
1166 2658 1373 2699 habuisse
1404 2670 1505 2698 eum
1540 2657 1719 2711 Dictyn,

272 2736 405 2777 quam
439 2723 587 2764 habuit
617 2724 874 2778 Septimius.
935 2724 1077 2766 Immo
1097 2738 1199 2766 vero
1230 2737 1317 2765 non
1349 2736 1408 2765 ex
1434 2723 1533 2764 solo
1556 2724 1720 2778 Dictye

274 2803 400 2831 suam
437 2789 509 2830 ille
549 2792 873 2834 consarcinavit
902 2804 1045 2832 rerum
1073 2791 1366 2846 Trojanarum
1407 2789 1717 2839 narrationem,
