1915 3231
301 321 359 363 84
878 335 994 366 LUD.
1027 335 1175 366 smus

299 431 521 473 littorales
543 432 589 473 in
609 432 781 474 Troade
802 432 929 475 Caici
950 434 1192 487 tangebant
1216 431 1365 486 ostia,)
1388 445 1503 474 uxor
1524 432 1748 485 Hectoris,

301 499 375 539 cui
394 499 568 552 peperit
586 498 873 553 Astyanacta.
934 500 1073 541 Hom·
1094 499 1150 540 ΙΙ.
1173 502 1201 544 ζ.
1262 499 1463 541 Hectore
1483 512 1587 541 vero
1616 500 1750 542 inter-

300 572 418 609 emto
439 574 484 609 et
503 568 640 622 Troja
665 571 814 623 capta,
837 568 1034 623 Pyrrhus
1065 582 1163 610 eam
1194 569 1238 609 in
1259 567 1481 610 Graeciam
1512 568 1678 618 avexit,
1706 572 1751 610 et

299 647 354 676 ea
393 636 643 677 Molossum
674 637 887 690 suscepit.
965 634 1056 686 Qui
1101 639 1246 677 tamen
1285 640 1448 690 postea
1483 635 1750 677 Hermiones

298 714 495 743 amorem
534 708 737 756 captanS,
773 716 870 744 eam
910 702 1101 753 Heleno,
1141 703 1310 744 Priami
1350 704 1469 756 regis
1503 702 1612 753 filio,
1651 715 1748 744 cum

297 772 422 821 parte
442 770 563 822 regni
594 769 726 811 dedit.
755 768 878 822 Virg.
902 780 976 809 ιιι.
996 769 1099 809 AEn.
1116 769 1215 810 295.
1236 770 1428 811 Pausan.
1450 769 1496 810 in
1517 767 1654 811 Attio.

355 835 560 877 Amorem
596 836 641 876 in
679 848 734 876 ea
772 835 1049 889 conjugalem
1081 835 1240 877 laudat
1276 835 1484 886 Ovidius,
1518 846 1549 876 1.
1581 834 1684 878 Am.
1703 836 1746 878 9.

297 902 403 952 eleg.
420 903 540 943 hisce
560 903 733 944 verbis:

354 968 529 1010 Hector
551 970 607 1010 ab
628 968 961 1010 Andromaches
983 969 1293 1023 complexibus
1319 969 1415 1011 ibat
1434 969 1480 1011 in
1501 969 1651 1021 armis,

411 1035 469 1076 Et
489 1036 659 1088 galeam
682 1036 834 1089 capiti,
856 1049 958 1090 quae
981 1036 1118 1085 daret,
1139 1049 1253 1077 uxor
1272 1041 1378 1077 erat.

353 1100 522 1142 Verum
571 1105 613 1143 et
659 1102 755 1157 ejus
803 1102 849 1142 in
887 1102 1072 1143 adversa
1110 1101 1284 1143 fortuna
1321 1101 1617 1143 constantiam
1661 1103 1749 1144 alii.

298 1166 482 1222 Quippe
503 1182 587 1209 non
605 1174 773 1210 tantum
795 1168 940 1210 mariti
974 1168 1090 1210 luxit
1119 1172 1304 1209 mortem
1338 1172 1379 1209 et
1410 1169 1561 1222 Trojae
1582 1169 1750 1211 flebiles

298 1235 475 1288 aspexit
503 1236 671 1286 ruinas,
708 1236 785 1277 sed
826 1240 872 1277 et
914 1237 1008 1286 filii,
1046 1235 1099 1276 de
1130 1240 1243 1276 turre
1275 1236 1557 1289 praecipitati,
1601 1236 1750 1279 lacera

298 1303 491 1344 membra
512 1304 717 1356 colligere
739 1303 823 1344 fuit
852 1308 1023 1344 coacta.
1082 1301 1302 1344 Videatur
1331 1302 1514 1353 Seneca,
1535 1303 1580 1344 in
1599 1302 1749 1345 divina

296 1368 485 1410 Troade.

356 1435 693 1479 Andromaches
727 1442 872 1478 autem
907 1436 1067 1478 faciem
1101 1440 1247 1479 servat
1279 1437 1574 1478 Chaoniorum
1606 1435 1748 1478 Num-

300 1515 400 1543 mus
423 1503 601 1557 elegans
622 1504 739 1559 apud
761 1503 1004 1554 Goltzium‚
1027 1503 1172 1546 Graec.
1196 1514 1269 1544 111.
1290 1504 1403 1544 Tab.
1423 1503 1465 1544 9.

563 1658 768 1699 ΧΧΙΙΙ.
827 1655 1019 1707 AJAX,
1049 1655 1486 1700 TELAMONIUS.

822 1744 928 1785 Lm.
949 1756 995 1786 v.
1028 1743 1145 1785 CAP.
1166 1745 1235 1785 15.

300 1836 312 1855 ‘
327 1832 388 1874 At
407 1833 521 1874 lucis
544 1834 760 1888 principio
780 1831 969 1887 Ajacem
990 1832 1034 1872 in
1060 1832 1206 1872 medio
1228 1832 1475 1874 exanimem
1497 1832 1745 1886 offendunt3

354 1902 737 1955 perquirentesque
758 1901 915 1942 mortis
938 1913 1093 1952 genus,
1115 1899 1464 1941 animadvertere
1485 1899 1596 1941 ferro
1619 1900 1749 1942 inter-

357 1967 556 2009 fectum.’

355 2043 517 2094 AJAX,
539 2044 658 2085 filius
676 2044 937 2086 Telamonis
969 2047 1013 2085 et
1034 2043 1270 2094 Hesiones,
1293 2057 1392 2098 quae
1423 2044 1538 2096 regis
1560 2044 1748 2086 Laome-

300 2110 451 2152 dontis
470 2111 576 2152 filia.
622 2111 752 2152 Ovid.
771 2111 957 2153 Metam.
975 2122 1027 2151 11.
1044 2112 1142 2152 217.
1175 2110 1432 2152 Graecorum
1450 2111 1717 2152 fortissimus
1734 2122 1746 2151 ε

301 2183 346 2219 et
365 2178 543 2233 quidem
577 2177 928 2228 invulnerabiliS,
948 2181 1240 2232 praeterquam
1275 2179 1321 2218 in
1350 2178 1524 2219 cervice
1550 2182 1594 2218 et
1617 2178 1662 2218 in
1681 2178 1748 2219 la-

300 2251 407 2286 tere.
467 2244 643 2298 Quippe
656 2245 744 2299 (sic
766 2246 925 2286 saltem
947 2245 1005 2287 ad
1033 2245 1255 2299 Lycophr.
1276 2242 1484 2298 Tzetzes)
1506 2258 1604 2285 cum
1627 2244 1748 2285 Her-

301 2312 426 2352 cules
464 2312 699 2365 aliquando
734 2312 961 2353 Salamina
991 2311 1159 2360 adiens,
1197 2311 1480 2352 Telamonem
1521 2311 1749 2361 inviseret,

297 2377 360 2418 ibi
380 2378 528 2433 Ajaci,
559 2378 702 2419 adhuc
738 2383 904 2429 tenero,
926 2378 1078 2432 injecit
1097 2375 1242 2426 λεοντῆν
1267 2390 1407 2427 suam,
1429 2382 1658 2430 precatus,
1679 2382 1746 2428 ut,

301 2457 393 2498 qua
427 2450 657 2498 tegeretur,
689 2444 1018 2486 invulnerabilis
1057 2444 1178 2485 fieret
1217 2444 1439 2497 puerulus.
1501 2443 1631 2495 Ergo,
1659 2457 1749 2498 qua.

299 2524 387 2552 non
407 2513 648 2563 tegebatur,
667 2510 789 2565 Ajax
821 2511 968 2553 factus
989 2511 1288 2552 vulnerabilis.
1347 2509 1525 2551 Achille
1561 2513 1747 2559 mortuo,

301 2582 348 2618 ut
378 2579 609 2632 proximus
641 2578 799 2629 haeres,
839 2578 937 2631 ejus
968 2591 1089 2620 arma
1120 2579 1277 2631 petiit3
1308 2590 1454 2618 verum
1486 2577 1748 2618 Graecorum

300 2659 523 2699 procereS,
551 2646 809 2699 eloquentia
847 2646 971 2695 moti,
1003 2645 1100 2686 haec
1132 2644 1286 2698 Ulyssi
1318 2644 1545 2684 tradidere.
1606 2643 1749 2693 Unde,

301 2726 396 2766 pree
426 2713 563 2754 nimia
594 2713 660 2753 ira
691 2712 932 2763 insaniens,
960 2713 1006 2753 in
1040 2725 1205 2766 pecora
1238 2713 1375 2761 irruit,
1398 2723 1537 2763 eaque
1567 2709 1748 2760 occidit,

302 2778 483 2820 Atridas
520 2782 653 2832 atque
684 2779 895 2833 Ulyssem
934 2791 1032 2819 sese
1065 2778 1307 2818 interimere
1329 2777 1519 2818 credens.
1577 2775 1746 2816 Verum

304 2845 359 2886 ad
379 2847 537 2888 mentis
570 2845 803 2887 sanitatem
825 2845 998 2888 rediens
1029 2856 1075 2887 et
1105 2857 1289 2886 errorem
1311 2855 1570 2898 agnoscens·‚
1599 2841 1747 2894 gladio
