1915 3231
287 303 344 342 36
631 313 736 346 JAc.
772 314 1024 344 wmzoxu
1064 314 1390 345 Dissssn'rArio

288 407 373 449 sit:
427 407 502 447 Καὶ
521 409 578 447 διὰ
611 408 765 449 Φοίνικα
797 410 858 450 τὸν
883 408 1076 464 Ἀγῆνορος
1106 410 1192 459 υἱὸν,
1223 406 1355 456 οὔτινος
1386 406 1529 463 ἐγένετο
1559 410 1736 464 ἀπὸγονος

288 472 410 521 Δύνας
429 475 609 524 βασιλεὺς
630 478 646 515 ὁ
675 477 844 526 Ἑκάβης
864 478 1002 530 πατὴρ,
1036 477 1077 515 ἐκ
1105 478 1169 516 τοῦ
1191 473 1316 530 γένους
1345 476 1381 515 δὲ
1412 478 1477 514 τοῦ
1499 473 1602 514 Δύνα
1622 476 1684 514 καὶ
1715 480 1735 524 ἡ

287 541 391 591 Λήδα
412 540 538 597 ἔλεγεν
560 542 663 586 εἶναι.
724 543 928 584 Maxima
949 544 995 583 in
1015 543 1100 592 his,
1121 547 1162 583 et
1181 543 1315 583 ferme
1335 542 1539 590 dixerim,
1560 542 1735 592 inscita,

288 608 565 661 antiquorum
589 610 813 650 hominum
829 615 873 650 et
893 609 1133 650 fabularum
1149 609 1367 659 confusio,
1384 608 1462 649 sed
1482 621 1583 661 quae
1600 620 1738 662 quan-

287 680 331 717 to
352 675 506 729 major,
527 681 569 718 et
585 681 752 730 quanto
773 676 913 729 magis
933 680 1003 716 est
1024 675 1275 727 singularis,
1288 679 1412 716 tanto
1433 675 1592 716 certius
1606 674 1736 715 nobis

285 743 458 796 praebet
488 746 800 796 argumentum,
832 755 932 784 vere
964 742 1178 783 Malelam
1209 749 1251 783 et
1280 742 1541 796 Septimium
1575 743 1738 796 pariter

287 822 344 849 ex
376 809 534 850 eodem
564 810 702 855 sonte,
730 810 812 850 hoc
845 814 927 859 est,
957 822 1014 850 ex
1046 808 1209 850 Graeco
1232 809 1412 864 Dictye‚
1435 810 1554 863 quod
1585 814 1628 851 et
1649 810 1737 863 ipsi

286 876 495 926 fatentur,
536 890 618 918 sua
655 877 869 917 hausisse.
941 876 1116 917 Etenim
1155 875 1380 929 Agenores
1415 877 1538 917 fuere
1576 877 1737 931 plures,

286 956 443 997 nempe
465 943 677 984 Sidonius
698 944 787 993 ille,
810 948 937 996 pater
957 943 1188 984 Phoenicis
1208 947 1250 985 et
1272 943 1445 994 Cadmi,
1465 945 1578 985 alius
1609 948 1739 997 pater

287 1010 444 1051 Phinei
477 1011 674 1060 Thracis,
694 1010 813 1051 illius
844 1011 901 1051 ab
935 1010 1156 1062 Harpyiis
1188 1012 1355 1060 vexati,
1380 1011 1435 1052 de
1468 1024 1556 1064 quo
1586 1010 1738 1052 Valer.

288 1076 495 1127 Flaccus,
536 1076 700 1130 Argon.
737 1088 803 1117 iv.
839 1078 938 1118 444.
995 1079 1008 1098 ‘
1031 1077 1135 1118 Non
1166 1091 1247 1131 ego
1284 1090 1399 1118 nunc
1429 1091 1588 1131 magno
1618 1077 1738 1131 quod

288 1148 434 1185 cretus
456 1144 662 1197 Agenore
685 1143 908 1194 Phineus:
935 1144 1105 1185 scilicet
1127 1158 1478 1186 commemorem.
1538 1145 1738 1198 Denique

288 1224 400 1252 avus
436 1202 593 1261 Ledae,'
618 1211 792 1252 Thestii
814 1211 958 1252 AEtoli
989 1215 1127 1264 pater.
1189 1211 1290 1253 Hos
1326 1225 1496 1261 omneS,
1524 1216 1655 1254 aetate
1695 1215 1739 1253 et

286 1279 432 1331 patria
466 1279 573 1320 licet
607 1278 823 1329 diversos,
846 1279 891 1319 in
923 1292 1054 1319 unum
1092 1278 1324 1320 Sidonium
1351 1279 1535 1321 contulit
1565 1279 1737 1333 Dictys,

287 1345 389 1386 dum
426 1346 483 1387 ad
511 1346 632 1387 illum
666 1346 793 1387 refert
825 1346 1032 1399 originem
1064 1346 1200 1387 Ledae
1233 1350 1276 1387 et
1296 1346 1526 1388 Hecubae:
1557 1351 1602 1387 et
1621 1359 1740 1399 prae-

286 1414 407 1453 terea
445 1426 575 1466 quem
612 1412 827 1466 Agenoris
859 1413 998 1453 filium
1033 1413 1106 1454 hic
1142 1412 1443 1455 ‘Phoenicem'
1479 1412 1600 1463 dicit,
1637 1425 1738 1453 eum

287 1479 387 1520 dein
412 1491 483 1521 111.
503 1483 543 1521 5.
576 1486 621 1522 et
654 1492 718 1521 iv.
749 1481 819 1533 22.
849 1483 861 1503 ‘
878 1479 1123 1521 Phineum'
1147 1481 1355 1534 appellat,
1384 1478 1581 1533 facitque
1611 1492 1739 1520 soce-

286 1560 378 1587 rum
402 1547 617 1597 Dardani,
651 1547 767 1588 unde
801 1560 928 1600 reges
953 1547 1151 1601 Trojani,
1187 1551 1230 1588 et
1259 1549 1359 1601 ipse
1389 1548 1574 1601 Dymas,
1609 1550 1738 1601 pater

288 1613 507 1656 Hecubae.
570 1614 778 1656 Ceterum
801 1628 856 1655 ex
879 1614 1050 1655 Malela
1070 1619 1207 1668 patet,
1229 1614 1334 1655 nihil
1363 1614 1436 1655 hic
1457 1614 1499 1654 in
1521 1614 1739 1668 Septimio

286 1682 358 1722 vel
400 1682 557 1737 Dictye
592 1682 861 1724 mutandum.
922 1682 1011 1723 Sed
1043 1686 1087 1723 et
1122 1682 1362 1735 posteriora
1405 1681 1601 1731 Malelae,
1634 1694 1736 1735 quae

287 1750 444 1790 tentari
465 1750 593 1791 video
631 1762 657 1790 a
687 1749 946 1790 doctissimo
980 1748 1077 1801 ejus
1102 1747 1280 1798 editore,
1302 1749 1378 1803 qui
1413 1748 1550 1789 voluit
1579 1747 1642 1787 uoci
1672 1749 1737 1798 τὴν

288 1815 423 1865 Λήδαν,
444 1817 552 1857 satis
579 1817 683 1857 mihi
704 1815 884 1869 quidem
904 1815 1103 1856 videntur
1136 1815 1320 1867 integra.
1380 1815 1513 1868 Saepe
1532 1816 1643 1856 enim
1662 1814 1736 1856 hic

289 1889 442 1924 auctor
460 1884 505 1923 in
535 1883 688 1924 eadem
720 1883 916 1923 oratione
947 1882 1126 1923 modum
1156 1882 1361 1935 loquendi
1391 1882 1576 1923 mutavit
1595 1895 1651 1923 ex
1673 1882 1738 1924 di-

286 1955 408 1990 recto
448 1951 491 1990 in
522 1950 790 1999 indirectum,
821 1962 877 1990 ex
907 1949 1027 1989 finito
1057 1949 1100 1989 in
1131 1949 1359 1991 infinitum.
1419 1949 1738 2004 Respiciantur

288 2017 420 2058 modo
442 2018 519 2058 illa
550 2018 666 2070 ipsa,
689 2030 789 2070 quae
821 2017 1022 2069 proxime
1043 2017 1269 2071 superiore
1299 2017 1579 2070 paragrapho
1609 2017 1736 2058 exhi-

287 2085 481 2125 buimus.
539 2084 702 2125 Sensus
718 2097 820 2125 vero
840 2088 921 2133 est,
941 2082 1107 2124 dixisse
1126 2083 1342 2124 Helenam
1363 2083 1462 2125 haec
1477 2085 1601 2137 ipsa:
1633 2087 1646 2106 ‘
1664 2083 1737 2124 Ex

290 2164 441 2204 genere
464 2155 608 2192 autem
641 2151 826 2205 Dymae'
862 2149 984 2204 (nam
1014 2152 1175 2191 rectius
1206 2151 1267 2191 ita
1296 2151 1538 2204 Septimius
1568 2154 1735 2201 noster,

290 2232 424 2271 quam
447 2219 639 2260 Malelas
660 2224 705 2258 et
727 2217 956 2258 Cedrenus
989 2220 1001 2238 ‘
1020 2217 1210 2270 Dynas')
1233 2220 1245 2237 ‘
1266 2218 1398 2258 etiam
1420 2217 1544 2259 Leda
1563 2230 1610 2258 se
1632 2230 1734 2259 esse

290 2285 492 2326 dicebat?
551 2285 691 2326 Plane
711 2290 761 2325 ut
782 2285 932 2325 eadem
953 2285 1195 2324 mutatione
1216 2284 1428 2337 loquendi
1451 2284 1675 2326 Cedrenus
1693 2284 1735 2324 ἐκ

289 2351 414 2407 γένους
430 2353 464 2392 δὲ
480 2356 543 2394 τοῦ
554 2352 669 2399 Adra,
691 2353 753 2392 καὶ
778 2352 878 2401 Λήδα
894 2352 972 2392 ἐστὶ
994 2351 1112 2407 μήτηρ
1131 2353 1247 2404 η’ἐμὴ,
1265 2353 1374 2394 licet
1387 2356 1429 2392 et
1448 2353 1548 2394 istic
1570 2354 1736 2406 superi-

292 2433 368 2462 ora
383 2434 460 2474 per
473 2420 687 2461 infinitum
700 2420 787 2460 sint
800 2419 1020 2472 exposita.
1053 2418 1351 2472 Subjiciuntur
1367 2418 1491 2459 hisce
1501 2419 1601 2459 dein
1615 2420 1735 2473 apud

290 2488 393 2528 illos
434 2500 604 2535 omnes,
638 2486 865 2536 Malelam‚
889 2485 1150 2535 Cedrenum,
1191 2490 1234 2526 et
1261 2485 1541 2539 Septimium,
1567 2486 1734 2528 eaedem

292 2554 477 2596 Helenae
499 2567 668 2608 preceS,
699 2557 712 2575 ‘
735 2567 874 2604 orare,
894 2566 946 2594 ne
982 2566 1047 2602 se,
1069 2565 1171 2606 quae
1206 2553 1340 2593 semel
1360 2553 1402 2593 in
1424 2552 1553 2593 fidem
1583 2565 1734 2594 eorum

290 2628 471 2675 recepta
490 2626 620 2672 esset,
644 2621 910 2675 prodendam
931 2624 1154 2674 putarent3
1185 2633 1237 2661 ea
1259 2632 1409 2660 secum
1431 2619 1562 2659 domo
1583 2619 1736 2660 Mene-

290 2689 364 2736 lai,
387 2702 488 2741 quae
510 2690 679 2742 propria
697 2689 897 2735 fuissent,
913 2688 1016 2728 nihil
1035 2691 1242 2740 praeterea
1263 2686 1486 2727 ablatum.'
1527 2685 1733 2737 Malelas,

291 2754 420 2808 ᾔτησεν
441 2756 568 2801 αὐτοὺς
592 2755 794 2809 ὁρκώσασα
812 2757 861 2806 μὴ
883 2753 1103 2809 προδοθῆναι,
1124 2753 1186 2793 καὶ
1205 2752 1371 2808 λέγουσα
1403 2754 1510 2805 μηδὲν
1529 2757 1600 2793 τῶν
1620 2758 1735 2792 Μενε-

292 2820 384 2861 λάου
407 2821 608 2872 εἰληφέναι,
629 2825 733 2863 ἀλλὰ
754 2820 806 2862 ra*
826 2820 899 2862 ἰ’ὃια
919 2819 1017 2874 μόνα
1039 2820 1162 2874 ἔλεγεν
1178 2819 1289 2875 ἔχειν.
1332 2821 1473 2863 Hisce
1494 2820 1622 2862 dictis
1643 2819 1734 2861 He—
