1915 3231
805 400 1081 432 APPssme.
1578 391 1663 432 349

216 503 349 553 atque
370 500 412 541 in
435 499 623 554 Epilogo
643 510 713 540 111.
734 499 928 554 ejusdem
950 500 1126 554 Vegetii
1144 514 1153 541 :
1176 500 1252 541 sed
1269 499 1313 540 hi
1335 503 1539 540 auctores
1562 507 1664 541 sunt

214 570 338 607 extra
370 578 515 607 aevum
547 571 817 619 argenteum:
852 571 900 607 ut
924 567 1113 617 mittam,
1143 567 1226 607 hos
1247 566 1514 607 vocabulum
1535 580 1663 608 usur-

216 645 324 686 pare
345 632 664 685 significatione
684 638 854 683 neutra,
870 638 1006 686 atque
1021 633 1114 674 sine
1133 645 1241 674 casu
1260 633 1485 686 adjuncto,
1501 633 1663 687 Dictyn

215 712 293 740 seu
323 699 582 753 Septimium
613 699 795 752 passiva
824 703 868 740 et
897 711 1006 739 casu
1050 699 1305 748 comitante,
1346 699 1463 752 quod
1504 713 1664 740 novum

215 765 386 819 utique,
416 772 460 807 et
487 765 618 819 hujus
647 765 838 806 auctoris
869 769 1173 805 commentum.
1246 764 1413 805 Iterum
1450 775 1484 805 1.
1516 768 1529 785 ‘
1551 765 1666 815 Quis

215 832 426 886 perfectis
446 845 552 885 pure
569 832 682 873 lauti
705 830 896 872 Martem
924 834 1057 885 atque
1088 830 1383 872 Concordiam
1412 830 1561 872 multis
1588 833 1667 872 im-

216 898 529 939 molationibus
549 897 633 938 sibi
655 897 1025 951 adhospitavere?
1077 897 1134 938 Et
1154 910 1287 939 mox:
1310 898 1402 939 ‘ita
1420 911 1497 951 per
1515 910 1667 951 aequa-

216 964 382 1005 tionem
419 964 589 1005 numeri
631 967 764 1018 atque
803 963 994 1016 partium
1044 964 1386 1018 quadripartitur
1422 965 1642 1005 exercitus
1659 964 1669 979 '

216 1030 253 1085 (‘
268 1030 608 1084 quadripartitur
621 1030 631 1046 '
646 1036 794 1071 tamen
812 1030 1002 1071 melioris
1016 1030 1102 1072 aevi
1114 1035 1217 1082 est).
1238 1041 1289 1071 11.
1306 1033 1318 1051 ‘
1336 1029 1520 1083 Egregie
1539 1031 1668 1071 nobis

219 1103 368 1139 actum
390 1102 457 1139 est
474 1098 498 1149 3'
528 1111 607 1152 pro
627 1098 872 1139 nobiscum.
923 1097 1092 1138 Eodem
1113 1097 1226 1138 libro
1244 1112 1253 1138 ε
1279 1100 1291 1118 ‘
1310 1097 1390 1138 Uti
1411 1098 1671 1150 interposita

212 1164 497 1218 jurisjurandi
529 1164 738 1217 religione
767 1162 1086 1213 confirmarent,
1110 1177 1388 1218 nequaquam
1421 1177 1467 1205 se
1495 1165 1553 1205 ob
1574 1176 1669 1205 eam

220 1243 402 1272 causam
422 1230 614 1274 offendi.'
675 1231 877 1272 Ibidem:
911 1229 1003 1271 ‘At
1032 1231 1107 1272 ubi
1139 1231 1183 1271 in
1212 1243 1366 1272 manus
1388 1234 1562 1272 ventum
1586 1236 1671 1280 est,

220 1297 436 1339 cohortati
456 1312 562 1340 suos
583 1300 775 1353 quisque
799 1299 895 1340 acie
917 1298 1157 1340 conflixere
1173 1298 1198 1350 ;'
1228 1312 1308 1352 pro
1325 1299 1381 1340 ad
1401 1312 1570 1340 manus.
1612 1299 1672 1339 Et

222 1365 491 1419 quibusdam
512 1365 775 1419 interjectis:
809 1368 821 1386 ‘
839 1365 903 1406 At
922 1365 998 1406 ubi
1015 1366 1143 1406 novis
1158 1365 1326 1419 jaculis
1347 1379 1503 1407 manus
1525 1365 1672 1407 redar-

220 1435 354 1473 matae
370 1436 489 1481 sunt,
500 1434 679 1485 pergunt
695 1429 872 1472 contra.'
891 1434 982 1471 1v.‘
997 1430 1114 1472 Dein
1131 1431 1358 1485 plurimos,
1372 1433 1440 1473 uti
1455 1445 1672 1486 quemque

222 1499 337 1539 intra
370 1498 502 1539 telum
533 1497 777 1547 fecerant‚'c
815 1496 1127 1550 [interficiunt‚]
1163 1510 1244 1550 pro
1275 1501 1286 1518 ‘
1309 1503 1357 1539 ut
1389 1500 1578 1552 quisque
1609 1498 1669 1540 ad

222 1565 298 1606 teli
327 1565 501 1619 jactum
531 1566 812 1619 pervenerat.’
887 1564 943 1606 Et
975 1570 1083 1618 post
1112 1576 1286 1617 pauca:
1318 1565 1564 1619 ‘Tuncque
1608 1579 1675 1607 re-

222 1632 429 1674 flentibus
443 1630 460 1654 ‘³
482 1633 654 1674 cunctis
668 1632 856 1674 ducibus
871 1644 1027 1673 casum
1048 1631 1161 1672 tanti
1179 1631 1276 1680 viri,
1291 1632 1467 1685 plurimi
1487 1632 1674 1674 militum

223 1698 343 1740 haud
364 1699 526 1749 dolore,
547 1712 707 1753 neque,
729 1699 794 1740 uti
815 1712 885 1740 res
906 1699 1199 1753 exposcebat,
1220 1698 1365 1739 tristia
1382 1704 1395 1721 '³
1423 1711 1675 1741 commove-

225 1765 292 1806 ri.'
350 1766 548 1807 Tandem
568 1779 719 1807 versus
739 1766 868 1807 finem
888 1766 1087 1820 ejusdem
1112 1766 1213 1807 libri
1232 1779 1241 1806 ε
1274 1769 1286 1786 ‘
1307 1766 1426 1807 Dein
1447 1765 1673 1820 subjungit

226 1831 544 1873 Laomedontis
563 1831 793 1874 adversum
812 1832 1050 1873 Herculem
1077 1832 1290 1873 famosam
1311 1830 1582 1886 perjuriam‚f
1611 1834 1676 1873 in·-

226 1905 509 1955 secutamque
530 1901 628 1955 ejus
650 1906 783 1956 atque
798 1901 916 1954 regni
932 1900 1231 1943 eversionem.’
1276 1911 1341 1942 vl.
1372 1900 1571 1942 ‘Solutis
1602 1914 1676 1942 an—

226 1967 480 2009 choralibus
497 1973 512 1996 g
530 1968 736 2022 navigant
751 1967 777 2021 ;’
798 1981 879 2022 pro
900 1968 1117 2010 anchoris.
1157 1968 1245 2009 Sed
1268 1967 1374 2022 quid
1396 1969 1552 2009 attinet
1568 1969 1612 2009 in
1629 1982 1675 2010 re

226 2035 409 2088 liquida,
433 2039 476 2077 et
506 2035 711 2077 confessa
741 2037 874 2078 verba
905 2035 1096 2089 perdere,
1118 2048 1219 2075 cum
1251 2035 1385 2077 dictio
1414 2036 1513 2089 ipsa
1535 2049 1677 2078 aevum

228 2102 458 2143 obscurius
480 2101 700 2143 fateatur?

272 2234 285 2250 0
309 2230 348 2262 L.
364 2229 460 2262 ferit.
984 2230 1151 2272 Apparat.
1174 2229 1266 2262 Sect.
1282 2233 1314 2262 4.
1328 2239 1353 2261 ¹.
1371 2232 1444 2261 143.
1474 2230 1602 2262 Ludov.
1620 2231 1680 2262 Vi-

272 2279 288 2300 ἅ
314 2280 355 2311 L.
372 2278 588 2311 deflentibus.
983 2290 1042 2312 ves
1062 2280 1105 2311 de
1138 2279 1309 2311 tradendis
1332 2279 1528 2320 Disciplinis
1552 2289 1586 2311 v.
1604 2283 1679 2312 508.

273 2334 288 2350 ²
311 2330 348 2361 L.
365 2329 517 2361 tristitia.
983 2329 1152 2362 Fernand.
1179 2329 1221 2360 de
1245 2329 1402 2361 Cordova
1425 2330 1457 2360 in
1485 2330 1680 2362 Didascalia

275 2378 286 2398 f
307 2379 346 2411 L.
363 2378 494 2411 famosa
519 2380 680 2420 perjuria.
983 2380 1237 2421 multiplich—ffi.
1266 2380 1509 2412 Cl.Salmasius
1524 2381 1563 2412 ad
1576 2381 1679 2413 Aram

275 2433 290 2454 Β
314 2428 388 2459 Liv.
404 2428 617 2469 Plinius‚alii.
986 2431 1158 2463 Dosiadae.
1174 2432 1246 2461 243.

276 2477 457 2510 Addantur
479 2478 645 2511 Antonius
664 2479 869 2511 Possevinus
895 2480 927 2510 in
