1915 3231
279 189 490 221 ch'rYos
513 189 785 220 CRETENSlS
809 189 871 218 DE
900 189 1052 218 BELLO
1075 189 1302 220 TROJANO
1324 190 1421 220 121ss.
1446 189 1509 219 Vl·

1575 178 1661 220 265

218 296 405 337 namque
426 295 471 323 re
493 283 673 335 cognita
690 281 929 334 Nauplius,
948 281 1088 321 ultum
1110 279 1202 320 ire⁶
1225 281 1436 333 cupiens⁸
1459 280 1662 322 Palame-

219 350 289 391 dis
308 362 477 399 necem,
499 362 574 403 per
593 353 767 389 noctem
788 347 877 400 igni
898 347 1010 387 elato
1031 346 1088 387 ad
1108 359 1161 388 ea
1178 347 1276 388 loca
1296 346 1539 397 deflectere,
1569 351 1664 388 tan-

219 430 351 470 quam
382 416 438 457 ad
469 420 657 470 portum,
687 414 906 468 coegerat.

965 414 1045 468 [2.]
1076 414 1165 455 Per
1192 413 1308 454 idem
1341 419 1518 467 tempus
1540 414 1664 454 OEax

220 482 406 536 Nauplii
428 480 578 532 filiuS,f
605 481 864 523 Palamedis
884 481 1030 530 frater,
1061 481 1240 533 cognito
1259 480 1448 522 Graecos
1471 480 1529 521 ad
1557 493 1664 521 suos

826 612 843 623 Ο
847 610 1040 622 “moto“
1046 611 1060 622 Ι

217 707 284 739 que
300 697 473 730 fluitantes
489 698 531 730 ad
549 698 710 729 Euboeam
728 698 910 738 devenere,
929 702 1011 730 tunc
1028 698 1068 729 C.
1082 707 1108 729 s.
1122 707 1153 728 a.
1166 695 1212 738 p.’
1228 695 1454 736 vinding.—6
1471 694 1598 736 Delph.
1611 695 1667 726 iri.

874 804 1017 836 NOTAE

219 885 326 917 reum,
344 887 363 908 a
378 887 444 919 quo
460 877 668 918 Capharides
687 878 782 910 dicti.
821 879 918 910 Choe-

222 926 321 958 radas
339 931 452 958 autem
469 936 527 958 eos
545 927 675 959 Noster
689 932 798 968 vocat,
810 929 919 969 Lyco·

219 976 382 1017 phi-onem
405 981 555 1016 secutus,
580 977 733 1018 χοιράδων
754 979 779 1009 δ’
805 977 917 1018 ἐφημέ-

219 1037 302 1058 νους.
328 1027 717 1060 Choeradibusinsidentes.
740 1028 919 1060 UbiScho-

218 1076 346 1116 liastes,
363 1075 508 1117 χοιράδες
522 1077 553 1108 αἱ
568 1077 681 1117 ὕφαλοι
696 1077 844 1117 λέγονται
864 1078 919 1109 πέ-

218 1138 298 1166 τραι.
343 1127 456 1167 Gyras
480 1133 581 1159 vocat
612 1128 792 1168 Homerus,
820 1139 919 1170 quem

218 1175 273 1207 hic
298 1175 424 1216 Dictys
447 1181 585 1207 secutus
609 1182 671 1208 est.
736 1178 792 1208 Sic
816 1180 919 1219 enim,

219 1225 289 1257 od.
303 1230 342 1257 Δ.
368 1225 411 1257 de
433 1225 562 1267 Ajace:
587 1227 719 1268 Γυρῇσιν
736 1226 794 1265 μὲν
815 1229 922 1269 πρῶτα.

218 1274 397 1308 Ποσειδάων
408 1274 579 1315 ἐπέλασσε,
586 1275 743 1318 Πέτρῃσιν
753 1276 921 1318 μεγάλῃσι,

218 1325 270 1358 καὶ
286 1325 439 1365 ἐξεσάωσε
464 1325 636 1361 θαλάσσης.
676 1326 735 1357 Καὶ
753 1327 788 1358 νύ
803 1339 856 1358 κεν
873 1327 921 1358 ἔκ-

219 1381 301 1415 φυγε
322 1377 413 1417 κῆρα,
439 1375 492 1407 καὶ
523 1375 688 1415 ἐχθόμενός
710 1388 768 1417 περ
799 1375 921 1419 Ἀθήνῃ,

219 1424 255 1456 Εἰ
278 1425 321 1463 μὴ
346 1425 535 1466 ὑπερφίαλον
549 1424 623 1456 ἔπος
639 1425 766 1462 ἔκβαλε,
782 1426 833 1457 καὶ
847 1426 921 1466 μέγ’

218 1475 331 1514 ἀάσθη·
354 1476 399 1513 Φῆ
420 1475 445 1515 ῥ’
468 1474 574 1514 ἀέκητι
596 1478 672 1507 θεῶν
690 1475 817 1516 φυγέειν
836 1476 918 1515 μέγα

217 1527 337 1564 λαῖτμα
350 1524 520 1563 θαλάσσης.
555 1526 616 1556 'rofi
630 1525 663 1556 δὲ
675 1525 852 1557 Ποσειδάων
863 1538 918 1565 με-

217 1574 293 1614 γάλ’
322 1573 433 1606 ἔκλυεν
459 1574 660 1611 αὐδήσαντος·
684 1574 788 1606 Αὔτίκ’
811 1574 919 1606 ἔπειτα

217 1624 356 1665 τρίαιναν
379 1625 458 1656 ἑλὼν
477 1624 572 1666 χερσὶ
595 1626 790 1667 στιβαρῇσιν,
801 1625 921 1657 Ἤλασε

218 1674 348 1716 Γυραίην
369 1674 497 1714 πέτρην,
521 1674 582 1706 ἀπὸ
609 1675 634 1707 δ’
658 1675 789 1715 ἔσχισεν
815 1675 920 1713 αὐτήν·

219 1724 282 1757 Καὶ
303 1725 342 1756 τὸ
367 1724 426 1764 μὲν
450 1725 557 1757 αὐτόθι
580 1727 676 1766 μεῖνε,
697 1726 735 1758 τὸ
758 1726 792 1758 δὲ
807 1728 922 1767 τρύφος

220 1775 337 1814 ἔμπεσε
361 1775 477 1816 πόντῳ,
510 1778 560 1816 Τῷ
585 1777 611 1816 ῥ’
634 1777 708 1809 Αἴας
741 1776 779 1807 τὸ
799 1778 923 1817 πρῶτον

219 1825 407 1866 ἐφεζόμενος
425 1824 494 1865 μέγ’
509 1824 620 1864 ἀάσθη·
635 1826 696 1858 Τὸν
709 1827 735 1858 δ’
751 1826 852 1867 ἐφόρει
866 1838 921 1858 κα-

218 1876 261 1908 τά
283 1875 397 1907 πόντον
419 1875 566 1917 ἀπείρονα
587 1875 785 1915 κυμαίνοντα.
814 1877 874 1908 *Ὦς
903 1878 921 1908 ὁ

218 1924 278 1964 μὲν
306 1924 364 1957 ἔνθ’
389 1924 568 1962 ἀπόλωλεν,
597 1925 664 1956 ἐπεὶ
689 1925 758 1957 πίεν
786 1925 924 1968 ἁλμυρὸν

220 1975 309 2016 ὕδωρ.
338 1975 380 2006 Id
396 1980 468 2008 est:
484 1975 559 2007 ‘Ad
573 1975 685 2017 Gyras
701 1976 838 2017 quidem
855 1977 922 2018 pri-

220 2034 312 2056 mum
331 2025 513 2066 Neptunus
530 2034 607 2056 eum
631 2026 776 2067 appulit,
797 2027 922 2058 Petras

218 2074 391 2114 ingentes,
407 2079 443 2106 et
455 2075 605 2106 servavit
621 2085 640 2107 e
653 2076 758 2107 mari:
783 2077 829 2108 Et
843 2085 923 2109 saue

220 2123 399 2165 effugisset
427 2129 584 2165 mortem,
613 2126 767 2167 quamvis
796 2127 922 2160 invisus

222 2175 456 2214 Palladi‚Nisi
468 2175 607 2216 impium
621 2175 749 2207 dictum
763 2177 922 2217 protulis-

222 2229 287 2261 set.
305 2229 448 2265 propter
465 2224 555 2266 quod
572 2225 722 2266 graviter
740 2226 841 2258 laesus
857 2231 923 2258 est.

222 2274 324 2306 Dixit
353 2274 455 2314 enim,
477 2274 592 2306 invitis
608 2274 686 2307 Diis
713 2285 748 2306 se
775 2274 923 2316 effugere

221 2321 347 2355 fluctus
362 2323 476 2355 maris.
520 2323 619 2355 Illum
634 2324 818 2365 Neptunus
830 2334 923 2365 mag-

221 2381 266 2403 na
282 2372 632 2413 audivitjactantem:
657 2374 784 2406 Statim
801 2374 924 2406 deinde

223 2423 365 2454 tridenti
389 2427 529 2464 arrepto
551 2434 653 2455 manu
670 2423 762 2461 forti,
779 2425 923 2456 Percus-

224 2473 270 2504 sit
293 2473 443 2514 Gyream
467 2477 615 2514 petram,
638 2473 850 2514 absciditque
873 2475 923 2515 ip-

224 2534 318 2564 sam;
347 2525 393 2556 Et
416 2534 496 2565 pars
520 2525 657 2565 quidem
687 2525 756 2556 illic
787 2526 923 2561 mansit,

223 2583 302 2615 pars
319 2580 433 2606 autem
444 2575 571 2606 incidit
587 2574 685 2614 mari,
699 2575 810 2615 Super
826 2584 924 2616 quarn

224 2624 316 2665 Ajax
333 2626 475 2665 primum
493 2625 642 2657 insidens
659 2625 809 2666 graviter
826 2626 925 2656 laesus

225 2678 277 2704 est
288 2686 297 2714 ;
308 2675 477 2716 Illumque
493 2675 641 2706 detrusit
655 2675 689 2705 in
701 2683 790 2706 mare
805 2674 925 2715 ingens

227 2723 403 2755 undosum.
448 2724 506 2756 Sic
522 2724 577 2756 ille
594 2723 730 2765 quidem
747 2724 793 2756 ibi
809 2723 925 2765 periit,

973 882 1151 920 postquam
1174 877 1259 909 bibit
1274 877 1394 908 salsam
1411 875 1553 918 aquam-¹
1597 876 1670 908 Ho-

971 938 1099 960 merum
1130 928 1173 960 ad
1199 927 1339 959 verbum
1364 936 1462 967 paene
1492 925 1672 966 descripsit

973 978 1192 1019 Lycophron,
1207 977 1264 1019 qui
1280 976 1436 1016 Ajacem,
1452 980 1593 1016 propter
1614 985 1673 1006 va-

973 1027 1279 1068 riamjactantiam.
1289 1026 1436 1064 vocavit,
1444 1025 1590 1064 Κόκκυγα
1599 1036 1672 1064 κομ.

971 1076 1114 1117 πάζοντα
1140 1075 1298 1117 μαψαύρας
1328 1075 1498 1114 στόμβους.
1535 1079 1544 1093 ‘
1560 1076 1673 1107 Cucu-

973 1127 1249 1168 lum,jactantem
1266 1126 1376 1156 varias
1393 1123 1521 1156 minas.’

1016 1181 1030 1198 e
1054 1176 1210 1216 Nauplius
1227 1176 1325 1206 ultum
1339 1175 1382 1205 iri
1397 1174 1538 1215 cupiens]
1560 1173 1672 1205 Rede-

974 1231 1056 1258 unte
1070 1225 1202 1266 aTroja
1212 1225 1353 1257 victrice
1369 1225 1491 1260 classe,
1504 1224 1672 1265 Nauplius

975 1277 1009 1307 in
1037 1275 1214 1316 Caphareo
1242 1274 1473 1315 promontorio
1500 1274 1595 1314 ignes
1621 1284 1673 1305 ac-

974 1325 1106 1364 cendit,
1123 1330 1161 1356 ut
1185 1326 1216 1356 in
1234 1325 1392 1365 scopulos
1408 1333 1481 1354 eam
1497 1324 1675 1364 pertrahe-

973 1380 1038 1406 ret.
1063 1375 1218 1416 Euripid.
1233 1375 1268 1406 in
1285 1374 1444 1406 Helena:
1468 1373 1615 1406 Πολλοὺς
1639 1373 1673 1406 δὲ

972 1424 1145 1464 πυρσεύσας
1170 1423 1326 1464 Φλογερὸν
1348 1422 1445 1455 σέλας
1475 1423 1553 1464 ἀμφὶ
1578 1423 1675 1464 ῥυτὰν

972 1473 1107 1509 Εὐβοίαν
1131 1472 1188 1505 εἷλ’
1215 1474 1349 1513 Ἀχαιῶν
1372 1471 1560 1504 Μονόκωπος
1585 1473 1676 1513 ἀνὴρ,

972 1522 1097 1564 πέτραις
1118 1522 1287 1564 Καφηρίαις
1311 1522 1470 1561 ἐμβαλὼν,
1485 1522 1624 1561 Αἰγαίαις
1645 1523 1674 1552 τ’

969 1572 1115 1605 εἰναλίαις
1133 1573 1242 1605 ἀκταῖς
1264 1573 1380 1604 Δόλιον
1400 1571 1518 1613 ἀστέρα
1536 1571 1673 1613 λάμψας.

976 1627 984 1640 ‘
995 1623 1124 1654 Multos
1135 1629 1262 1662 autem,
1270 1623 1457 1654 accendens
1467 1624 1675 1655 Flammeam

975 1671 1097 1712 facem,
1114 1674 1147 1704 in
1165 1672 1363 1705 circumflua
1384 1673 1515 1704 Euboea
1538 1674 1677 1705 sustulit

977 1723 1179 1754 Graecorum
1196 1723 1325 1755 Unicus
1344 1723 1407 1762 vir,
1425 1723 1528 1764 petris
1543 1723 1675 1764 Capha-

976 1773 1043 1804 reis
1060 1773 1216 1813 injiciens
1238 1773 1419 1814 AEgeisque
1443 1773 1581 1804 marinis
1602 1783 1675 1804 sco-

976 1823 1066 1863 pulis
1094 1823 1258 1854 Dolosam
1286 1822 1398 1855 facem
1432 1821 1575 1854 lucens.’
1630 1823 1676 1854 Et

976 1872 1201 1913 Lycophron:
1233 1871 1337 1904 ‘'Orav
1358 1873 1608 1913 καρηβαρεῦντας
1642 1874 1678 1903 ἐκ

974 1921 1067 1962 μέθης
1081 1921 1165 1963 ἄγων
1179 1924 1350 1964 Λαμπτῆρα
1364 1923 1457 1964 φαίνῃ
1473 1923 1529 1954 τὸν
1543 1922 1677 1961 ποδηγέ-

975 1987 1034 2013 την
1048 1975 1180 2007 σκότους
1195 1974 1318 2014 Σίντης,
1342 1973 1486 2015 ἀγρύπνῳ
1503 1973 1677 2013 προσκαθή-

975 2037 1067 2064 μενος
1079 2024 1191 2066 τέχνῃ.
1222 2031 1231 2043 ‘
1241 2025 1385 2058 Quando
1400 2029 1505 2065 caput
1520 2029 1677 2064 gravatos

976 2086 1018 2107 ex
1034 2076 1173 2116 crapula
1190 2074 1318 2107 ducens
1333 2075 1456 2106 Facem
1473 2073 1602 2106 lucebit
1618 2073 1679 2104 du-

977 2134 1050 2157 cem
1063 2125 1280 2157 tenebrarum
1295 2124 1440 2165 Noxius,
1448 2123 1540 2164 vigili
1552 2124 1679 2155 incum-

976 2175 1060 2207 bens
1072 2173 1206 2206 fraudi!

1021 2223 1032 2244 f
1047 2225 1134 2256 OEax
1145 2223 1385 2265 Nauphifllim,
1396 2223 1466 2263 Suu]
1482 2223 1560 2255 Hoc
1572 2224 1677 2255 etiam

977 2274 1020 2306 ab
1049 2275 1124 2314 ipso
1168 2273 1317 2313 Nauplio
1355 2271 1482 2303 factum
1513 2272 1678 2304 describit

977 2324 1135 2361 Tzetzes‚
1152 2321 1186 2353 in
1202 2321 1354 2362 Lycoph.
1378 2320 1553 2362 Περιπλέων
1566 2321 1679 2353 λοιπὸν

977 2374 1035 2410 τῆς
1056 2372 1169 2413 χώρας,
1183 2371 1240 2403 τὰς
1257 2370 1442 2408 Ἑλληνίδας
1462 2370 1677 2409 παρεσκεύασε

977 2423 1035 2454 τὰς
1052 2425 1115 2454 τῶν
1128 2421 1289 2459 Ἑλλήνων
1301 2422 1450 2460 γυναῖκας
1463 2422 1677 2460 μοιχευθῆναι,

979 2471 1257 2511 Κλυταιμνήστραν
1285 2471 1343 2509 τὴν
1371 2471 1427 2501 τοῦ
1447 2469 1677 2509 Ἀγαμέμνονος

978 2522 1124 2562 Αἰγίσθῳ,
1134 2521 1314 2561 Αἰγιάλειαν
1323 2521 1382 2558 τὴν
1392 2520 1561 2559 Διομήδους
1570 2521 1679 2553 Σθενέ-

978 2580 1036 2612 λῳ,
1052 2573 1188 2610 Μήδειαν
1209 2571 1242 2603 δὲ
1263 2571 1322 2608 τὴν
1342 2571 1511 2609 Ἰδομενέος
1533 2570 1590 2601 ὑπὸ
1604 2570 1679 2602 Λεύ-

979 2635 1085 2662 κωνος,
1104 2624 1170 2654 &c.
1213 2622 1373 2653 ‘Circum
1396 2620 1558 2661 navigans
1581 2620 1680 2652 Grae-

981 2673 1044 2704 ciae
1078 2672 1246 2712 regiones,
1282 2671 1482 2703 Graecorum
1519 2669 1679 2700 mulieres

982 2722 1155 2754 adulteras
1193 2720 1272 2752 fecit
1288 2731 1294 2749 :
1344 2719 1677 2760 Agamemnonisque
