1915 3231
257 337 342 378 312
759 343 974 375 DARE'ris
1010 344 1221 374 ΡΗηγοιι

260 446 416 481 menoq
452 441 642 482 navibus
678 454 854 482 numero
891 451 973 480 XL.
1033 438 1261 492 Antiphus
1290 442 1332 480 et
1354 437 1705 492 Amphimachus

260 521 318 548 ex
337 508 487 548 Elider
507 508 696 548 navibus
718 518 811 548 X11.
843 506 1104 559 Polypoetes
1122 511 1168 546 et
1191 505 1410 547 Leonteus
1431 519 1488 546 ex
1505 506 1710 547 Larissa⁸

258 576 445 615 navibus
478 584 561 614 XL.
623 573 884 622 Diomedes,
931 571 1167 625 Euryalus,
1204 572 1452 613 Sthenelust
1485 585 1542 613 ex
1573 571 1709 625 Argis

259 642 449 682 navibus
473 651 640 682 LXXX.
701 641 978 682 Philoctetes
1010 652 1068 679 ex
1100 640 1316 681 Meliboea
1339 635 1462 680 vib*
1527 638 1710 681 Guneus

259 721 313 748 ex
352 707 507 762 Cypho
541 709 730 749 navibus
764 712 897 748 xx1.¹¹
968 706 1187 747 Prothous
1221 719 1279 747 ex
1320 706 1551 758 Magnesia
1584 705 1711 746 navi·

260 776 347 815 bus
370 780 464 815 XLV
521 773 763 827 Agapenor
791 786 850 814 ex
871 772 1067 813 Arcadia
1095 774 1279 813 navibus
1313 783 1396 813 LX.
1449 772 1709 814 Mnestheus

261 854 318 881 ex
332 840 520 881 Athenis
542 841 728 881 navibus
752 851 795 880 L.
840 839 905 879 Hi
925 839 1099 879 fuerunt
1118 839 1252 879 duces
1274 839 1545 888 Graecorum,
1561 851 1711 880 nume-

261 921 312 949 ro
337 917 499 947 xrrvn.
520 907 597 960 qui
615 906 836 947 adduxere
856 919 992 947 naves
1011 919 1191 946 numero
1217 911 1396 946 Moeri.W
1438 905 1549 959 [15.]
1581 906 1713 947 Post-

264 987 395 1027 quam
416 973 616 1014 Athenas
651 978 981 1022 convenerunt,x
1010 971 1308 1025 Agamemnon
1332 973 1465 1014 duces
1496 973 1542 1013 in
1566 972 1711 1014 conci-

262 1040 369 1080 lium
410 1043 638 1088 convocat,
678 1039 889 1088 hortatur,
931 1043 979 1079 ut
1020 1039 1342 1092 quamprimum
1381 1039 1566 1092 injurias
1606 1051 1712 1080 suas

264 1105 515 1147 defendant.
575 1105 736 1158 Rogat,
775 1105 812 1145 si
843 1105 931 1145 illis
969 1106 1173 1159 placeat3
1201 1105 1447 1158 suadetque
1481 1109 1546 1154 ut,
1588 1110 1715 1146 ante-

264 1185 393 1225 quam
422 1171 777 1226 proficiscantur,
802 1172 1000 1225 Delphos
1028 1172 1084 1212 ad
1112 1171 1366 1225 Apollinem
1399 1171 1715 1213 consulendum

265 1238 321 1279 de
341 1243 433 1279 tota
458 1252 502 1279 re
531 1239 769 1279 mitterent:
800 1238 873 1278 cui
899 1251 1052 1279 omnes
1074 1238 1332 1280 assentiunt.
1393 1237 1590 1279 Achilles
1610 1237 1715 1280 huic

263 1307 326 1347 rei
366 1305 620 1360 praeficitur,
659 1311 704 1346 et
740 1318 840 1346 cum
882 1305 1093 1346 Patroclo
1136 1305 1443 1358 proficiscitur.
1512 1305 1716 1347 Priamus

264 1374 445 1422 interea,
467 1378 518 1413 ut
532 1372 702 1414 audivit
715 1373 819 1426 quia
838 1373 993 1414 hostes
1013 1375 1156 1426 parati
1175 1378 1311 1423 sunt,y
1329 1373 1463 1413 mittit
1479 1385 1557 1426 per
1576 1376 1716 1414 totam

266 1440 500 1493 Phrygiam
523 1441 598 1493 qui
619 1440 830 1480 finitimos
852 1441 1072 1481 exercitus
1089 1440 1320 1490 adducant,
1338 1440 1542 1494 domique
1558 1440 1718 1481 milites

265 1520 426 1560 magno
455 1507 599 1548 animo
629 1510 871 1559 comparat.
931 1506 1041 1547 Cum
1064 1505 1264 1548 Achilles
1289 1507 1488 1561 Delphos
1509 1507 1718 1554 venisset,

267 1574 323 1614 ad
354 1574 577 1614 oraculum
596 1573 761 1626 pergit:
792 1581 836 1613 et
855 1586 910 1614 ex
933 1573 1080 1626 adytis
1101 1573 1399 1627 respondetur,
1423 1573 1607 1615 Graecos
1627 1573 1721 1615 vic-

267 1645 402 1687 tores,
443 1640 706 1692 decimoque
746 1653 858 1680 anno
898 1640 1076 1693 Trojam
1116 1645 1338 1693 capturos.
1408 1639 1607 1681 Achilles
1647 1653 1718 1682 res

268 1706 457 1756 divinas,
479 1708 595 1748 sicut
614 1708 873 1760 imperatum
896 1711 976 1757 est,
996 1708 1115 1748 facit.
1176 1707 1233 1748 Et
1252 1721 1303 1747 eo
1324 1713 1519 1759 tempore
1540 1711 1719 1748 venerat

270 1773 472 1823 Calchas,
490 1773 703 1814 Thestore
730 1778 891 1824 natuS,Z
920 1775 1118 1826 divinus;
1151 1778 1194 1816 et
1225 1787 1304 1827 pro
1324 1774 1571 1827 Phrygibus
1596 1786 1718 1815 asuo

874 1871 1112 1884 eeeeeeeeeeee

311 1904 330 1922 *
353 1903 482 1944 Delph.
496 1902 624 1934 navibus
645 1903 724 1934 VII.

929 1978 1071 2009 NOTAE

313 2036 328 2057 ἢ
346 2031 398 2061 Ex
416 2030 622 2070 Orchomeno]
652 2030 745 2070 Lege
766 2031 775 2046 ‘
789 2039 830 2061 ex
847 2029 970 2061 Orme-

270 2091 314 2112 no
326 2081 347 2119 ;'
369 2086 404 2112 et
421 2081 498 2112 vide
517 2085 634 2111 notata
648 2081 736 2120 apud
753 2081 897 2120 Dictyn‚
915 2081 969 2111 ubi

271 2132 362 2163 idem
379 2141 474 2162 error
487 2131 688 2162 inoleverat.

313 2187 326 2202 ¹
340 2180 497 2222 Antiphus
510 2184 541 2212 et
556 2181 796 2221 Amphimachus
811 2191 850 2212 ex
865 2180 972 2221 Elide]

271 2231 537 2272 Amphimachus
553 2231 689 2270 quidem
707 2240 749 2261 ex
766 2230 883 2268 Etide;
911 2230 970 2260 sed

274 2291 351 2312 eum
368 2281 441 2322 jam
464 2290 566 2320 supra
592 2281 706 2311 Dares
728 2289 971 2311 commemora-

272 2332 333 2363 vit.
387 2331 431 2362 Et
460 2330 580 2362 falsum
612 2334 678 2368 est,
707 2330 896 2370 Antiphum
928 2339 970 2361 ex

272 2382 372 2413 Elide
397 2380 540 2412 venisse.
587 2380 774 2421 Antiphnm
796 2389 872 2410 cum
892 2379 971 2410 Phi-

272 2432 377 2473 dippo
403 2431 582 2472 conjungit
608 2431 749 2463 Homer.
775 2430 890 2471 aitque
913 2439 971 2461 eos

273 2492 314 2513 ex
346 2482 462 2513 insulis
493 2482 632 2521 Nisyro,
659 2481 843 2521 Carpatho,
871 2480 971 2519 Caso,

275 2534 334 2567 Co,
358 2532 496 2563 duxisse
527 2540 630 2562 naves
663 2530 813 2570 triginta.
859 2530 912 2561 Ita
935 2535 972 2561 et

273 2583 408 2624 Dictys.
465 2581 584 2622 Neque
616 2585 729 2611 tamen
760 2580 815 2611 hic
843 2580 972 2621 aliquid

273 2632 470 2664 tentandum
488 2637 561 2668 est3
584 2631 694 2661 nullus
712 2631 798 2661 enim
813 2631 868 2662 hic
884 2632 974 2662 inest

274 2688 341 2714 tam
359 2692 491 2713 crassus
506 2691 612 2720 error,
626 2680 684 2721 qui
707 2681 748 2712 ab
770 2681 844 2721 ipso
860 2686 975 2712 aucto-

274 2743 311 2763 re
329 2732 498 2773 proficisci
514 2741 580 2762 non
597 2731 715 2771 possit.

317 2788 328 2803 ⁸
352 2784 406 2814 Ex
420 2782 567 2822 Larissa]
592 2782 700 2812 Immo
715 2781 838 2821 potius,
854 2790 896 2812 ex
911 2780 974 2812 Ar-

276 2833 377 2873 gissa.
423 2833 467 2863 Et
483 2832 531 2863 ita
543 2831 807 2862 rescribendum.
831 2830 974 2862 Homer.

275 2881 315 2914 Oi
335 2884 357 2913 δ’
372 2882 547 2923 Ἄργισσαν
563 2881 650 2921 ἔχον.
687 2880 696 2897 ‘
710 2881 777 2914 Qui
800 2879 973 2921 Argissam

275 2932 472 2966 habebant.’
517 2931 603 2962 Vide
630 2934 749 2961 notata
774 2930 862 2970 apud
889 2930 971 2961 Dic-

1024 2035 1096 2071 tyn.

1066 2082 1075 2100 ²
1112 2080 1290 2115 Diomedes,
1330 2080 1503 2120 Euryalus,
1539 2078 1718 2121 Sthenelus]

1024 2129 1212 2160 Homerum
1226 2129 1392 2170 sequitur,
1405 2129 1460 2170 qui
1472 2132 1541 2160 tres
1557 2129 1631 2160 illos
1643 2139 1722 2161 con-

1019 2179 1146 2220 jungit.

1067 2234 1081 2249 ¹¹
1105 2228 1248 2260 Navibus
1264 2229 1387 2270 XXI.]
1417 2229 1545 2268 Viginti
1561 2228 1627 2260 duo
1651 2229 1723 2260 Ho-

1023 2288 1136 2309 merus
1160 2283 1195 2309 et
1213 2279 1344 2319 Dictys.
1379 2278 1504 2310 Γουνεὺς
1519 2279 1545 2310 δ’
1562 2280 1598 2310 ἐκ
1614 2278 1723 2320 Κύφου

1022 2327 1081 2367 ἦγε
1097 2328 1156 2359 δύω
1179 2328 1229 2360 καὶ
1252 2329 1349 2359 εἴκοσι
1370 2330 1456 2366 νῆας.
1488 2334 1496 2347 ·
1511 2329 1652 2361 Guneus
1679 2339 1723 2360 ex

1024 2379 1144 2420 Cypho
1160 2379 1310 2410 ducebat
1323 2379 1406 2410 duas
1419 2385 1454 2410 et
1468 2379 1586 2419 viginti
1599 2379 1724 2411 naveS.'

1063 2436 1076 2450 V
1104 2429 1247 2460 Nat-ibus
1272 2428 1356 2469 ΧΙ.]
1391 2430 1627 2470 Quadraginta
1651 2430 1723 2461 Ho-

1025 2489 1106 2511 mer.
1122 2484 1158 2510 et
1177 2480 1311 2520 Dictys.

1068 2535 1087 2550 Ψ
1111 2531 1218 2562 Naves
1234 2539 1358 2561 numero
1375 2529 1543 2570 MCCII.]
1565 2530 1622 2561 De
1635 2539 1725 2561 sum·

1025 2590 1080 2611 ma
1095 2581 1156 2611 hac
1172 2579 1248 2611 vide
1264 2579 1352 2620 apud
1372 2579 1511 2620 Dictyn-

1069 2635 1085 2650 Χ
1126 2631 1292 2670 Postquam
1326 2628 1466 2660 Athenas
1500 2629 1722 2670 convenerunt]

1027 2681 1137 2715 Solus,
1169 2679 1255 2720 quod
1279 2679 1393 2713 sciam,
1418 2679 1525 2709 Dares
1549 2679 1597 2710 ait
1621 2679 1725 2710 duces

1030 2730 1228 2761 Graecorum
1246 2728 1397 2758 Athenas
1412 2729 1623 2761 convenisse.

1072 2784 1085 2806 5
1119 2778 1252 2810 Audiuit
1277 2778 1349 2818 quia
1377 2777 1478 2808 hostes
1501 2779 1607 2818 parati
1635 2778 1726 2819 sunt]

1030 2827 1211 2868 Elegantia
1234 2827 1329 2867 hujus
1357 2827 1484 2866 saecnli,
1507 2836 1582 2868 pro,
1606 2828 1726 2859 ‘audi-

1028 2880 1077 2910 vit
1091 2878 1204 2908 hostes
1221 2880 1358 2917 paratos
1373 2875 1469 2907 esse.’

1069 2933 1081 2948 ²
1121 2926 1251 2958 Calchas
1280 2926 1426 2957 Thestore
1454 2925 1562 2966 natus]
1608 2927 1724 2960 Quare
