1915 3231
317 279 402 322 206
786 288 997 319 mcrvos
1031 286 1303 318 cnss'rENsis

318 387 504 428 exhibeo
525 398 670 439 poenae
691 386 858 435 mortis,
880 387 967 435 cui,
984 386 1144 427 misero
1166 386 1462 439 confectoque
1484 385 1762 433 moeroribus,

317 466 470 495 omnes
509 465 741 501 aerumnaS,
781 453 945 505 quibus
982 466 1094 494 nunc
1135 452 1367 506 depressus
1406 452 1763 493 infelicissimum

319 520 613 574 spectaculum
641 520 903 560 mortalibus
934 522 1128 573 praebeo,
1164 533 1263 560 cum
1297 520 1381 561 hoc
1413 519 1571 572 exiguo
1602 518 1763 571 spiritu

320 588 449 627 simul
485 586 667 628 auferes.
726 585 896 627 Adsum
928 590 1010 627 en2
1040 587 1166 636 ultro,
1196 586 1304 627 nihil
1326 586 1595 639 deprecor:⁰
1627 584 1695 625 vel
1727 584 1765 624 si

318 655 382 695 ita
413 653 536 694 cordi
566 658 648 703 est,
683 653 795 693 habe
824 653 869 693 in
907 652 1112 694 custodia
1153 653 1448 706 captivitatis:
1478 664 1623 705 neque
1651 650 1764 691 enim

319 720 427 761 mihi
441 719 678 774 quicquam
696 719 790 772 jam
804 719 1041 772 superioris
1057 719 1245 760 sortunae
1259 720 1472 773 reliquum
1483 725 1575 760 est:
1594 718 1764 772 quippe

318 787 546 828 interfecto
575 786 784 835 Hectore,
819 792 983 826 cuncta
1017 785 1139 837 regni
1172 786 1417 828 concidere.
1478 785 1566 827 Sed
1602 785 1641 826 si
1669 784 1765 837 jam

320 854 509 895 Graeciae
524 852 823 901 universae‚0b
837 864 1032 892 meorum
1048 852 1164 892 male
1181 853 1396 901 consulta,
1411 853 1518 894 satis
1534 864 1764 905 poenarum

320 921 507 961 filiorum
531 919 758 971 sanguine,
780 930 833 958 ac
851 918 961 958 meis
976 919 1183 959 aerumnis
1205 919 1411 971 persolvi,
1433 919 1639 959 miserere
1658 924 1766 959 aeta-

321 988 396 1037 tis,
410 999 462 1027 ac
478 991 489 1016 ³
514 987 636 1027 Deos
648 983 921 1033 recordatus,
935 987 1134 1037 retorque
1150 985 1321 1024 animos
1334 985 1387 1025 ad
1401 985 1636 1038 pietatem:
1659 997 1765 1025 con-

320 1054 427 1094 cede
449 1052 644 1106 parvulis
664 1051 820 1092 saltem
839 1063 925 1090 non
946 1052 1140 1092 animam
1162 1052 1370 1104 parentis,
1386 1052 1460 1091 sed
1482 1052 1672 1092 cadaver
1689 1051 1766 1092 de-

320 1120 637 1173 precantibus.¹³
692 1117 860 1159 Veniat
879 1118 924 1157 in
948 1118 1137 1158 animum
1168 1118 1413 1158 recordatio
1434 1119 1654 1171 parentisq
1687 1118 1766 1167 tui,

320 1199 473 1227 omnes
495 1199 637 1236 curas,
658 1185 922 1238 vigiliasque
943 1185 989 1224 in
1007 1188 1051 1224 te
1073 1188 1281 1236 tuamque
1304 1184 1493 1225 salutern
1514 1184 1767 1238 impenden-

320 1255 392 1294 tis.
454 1254 540 1294 Sed
563 1253 627 1294 illi
648 1252 825 1306 quidem
850 1256 1009 1293 cuncta
1040 1251 1283 1292 secundum
1314 1265 1397 1293 sua
1432 1255 1536 1293 vota
1565 1251 1767 1304 proveni-

321 1325 411 1370 ant,
441 1321 658 1374 longeque
691 1320 814 1362 aliter
847 1332 988 1372 neque
1021 1319 1108 1359 mei
1139 1319 1329 1359 similem
1360 1323 1584 1360 senectam
1604 1316 1764 1370 degat!

323 1389 431 1443 [22]
461 1387 633 1428 Interea
655 1387 758 1427 dum
778 1387 873 1428 haec
894 1390 1221 1435 commemorat,
1253 1386 1464 1440 paulatim
1484 1385 1633 1426 animo
1655 1383 1763 1425 defi-

320 1468 432 1505 cere,
455 1468 507 1496 ac
529 1454 714 1496 dissolvi
735 1453 957 1502 membris,
980 1452 1078 1493 dein
1098 1453 1403 1493 obmutescere
1423 1451 1615 1505 occipit3
1645 1450 1766 1504 quod

321 1521 624 1574 spectaculum
645 1521 770 1573 longe
792 1519 1080 1559 miserrimum
1104 1519 1323 1568 omnibus,
1345 1519 1421 1573 qui
1443 1522 1534 1560 tum
1563 1518 1767 1566 aderant,

321 1587 463 1628 dolori
482 1586 579 1627 fuit.
640 1585 816 1627 Deinde
837 1584 1149 1626 Andromacha
1169 1586 1378 1638 parvulos
1412 1585 1625 1626 Hectoris
1647 1583 1765 1625 filios

321 1658 423 1694 ante
443 1651 661 1694 Achillem
696 1652 960 1705 prosternit3
991 1651 1088 1704 ipsa
1108 1651 1212 1693 fletu
1233 1652 1504 1693 lamentabili
1525 1664 1676 1701 orans,
1699 1650 1766 1690 uti

322 1721 409 1762 sibi
442 1719 629 1761 cadaver
662 1718 862 1772 conjugis
896 1719 1047 1759 intueri
1083 1719 1240 1760 saltem
1270 1719 1587 1760 concederetur.
1648 1717 1768 1758 Inter

320 1788 418 1828 haec
439 1791 529 1827 tam
550 1785 813 1835 miseranda,
836 1784 1028 1825 Phoenix
1048 1796 1146 1825 cum
1169 1785 1394 1826 Nestore4
1423 1785 1649 1826 Priamum
1667 1796 1768 1824 sus-

321 1854 484 1903 tollere,
504 1856 635 1906 atque
654 1852 719 1892 uti
741 1851 932 1892 animum
961 1851 1191 1905 reciperet,
1223 1852 1396 1893 hortari.
1453 1851 1568 1893 Tum
1589 1863 1669 1892 rex
1688 1850 1767 1897 ubi

320 1920 365 1961 in
386 1920 656 1972 aliquantum
676 1918 832 1959 refovit
849 1922 863 1947 ⁵
886 1917 1105 1971 spiritum,
1121 1918 1256 1959 nixus
1277 1918 1479 1971 genibuS,
1495 1922 1627 1971 atque
1647 1921 1766 1957 utra—

323 1999 408 2041 que
427 1999 559 2028 manu
585 1988 721 2038 caput
741 1984 957 2025 dilanians
975 1997 985 2024 :
1023 1986 1036 2004 ‘
1055 1983 1145 2024 Ubi
1165 1998 1278 2026 nunc
1300 1985 1379 2026 illa
1400 1983 1496 2035 est,'
1527 1984 1605 2035 ait,
1636 1987 1649 2005 ‘
1664 1995 1764 2038 quae

926 2111 945 2122 ιθ
949 2111 1163 2124 OOOOOOOOOO

324 2200 462 2231 vocibus
479 2200 640 2231 adversum
655 2199 699 2230 iri
713 2197 816 2237 jubet,
832 2197 1016 2230 lectionem
1034 2198 1174 2230 exhibet
1197 2209 1264 2230 eum
1278 2199 1485 2231 accersit.—-2
1510 2199 1692 2231 Omittitur
1709 2209 1767 2231 vo-

324 2243 401 2274 cula
415 2253 452 2273 cn
469 2243 501 2273 in
518 2242 644 2281 Delph.
661 2241 748 2271 hanc
765 2241 939 2281 rescripsit
963 2240 1129 2272 Obrecht.
1156 2250 1198 2271 ex
1225 2241 1318 2272 Med.
1336 2242 1486 2273 Cod.—-3
1510 2242 1644 2272 Desunt
1668 2251 1766 2273 voces

323 2285 465 2316 miserere
480 2285 585 2315 <etatis
601 2284 635 2315 in
652 2283 774 2324 Delph.
798 2288 833 2314 et
855 2292 932 2314 mox
949 2292 1010 2323 pro
1024 2293 1061 2314 ac
1075 2283 1200 2324 legitur
1215 2285 1325 2314 ‹1t.—4
1349 2283 1567 2315 Omittuutur
1585 2293 1685 2316 voces
1696 2293 1766 2314 cum

975 2377 1116 2410 NOTAE

365 2459 379 2473 ⁰
404 2453 497 2484 Nihil
522 2452 681 2493 deprecor]
717 2453 758 2484 Id
789 2456 853 2493 est,
884 2461 1018 2484 recuso.
1074 2453 1157 2484 ver.’

322 2503 380 2534 Sic
407 2503 536 2542 Livius,
564 2507 572 2520 ‘
589 2503 713 2533 nullam
740 2511 872 2543 poenam
899 2501 1019 2542 depre-
1115 2509 1131 2529 ιι
1158 2504 1264 2534 Veniat
1279 2503 1458 2534 inanimum
1469 2501 1641 2533 recordatio
1654 2511 1767 2542 paren-

323 2552 406 2584 cor.’
451 2556 459 2570 ‘
474 2553 622 2583 Mortem
645 2551 847 2592 deprecari,’
871 2551 997 2583 Caesar.
1072 2552 1129 2592 tis]
1157 2553 1208 2584 Ex
1226 2553 1368 2583 Homer.
1384 2552 1424 2583 11.
1442 2555 1480 2582 Ω.
1515 2552 1638 2587 Μνῆσαι
1650 2551 1767 2591 πατρὸς

367 2606 382 2627 1'
407 2601 480 2632 Non
503 2602 638 2632 animam
657 2601 798 2641 parentis
819 2602 872 2632 sed
890 2602 1020 2632 cadaver
1072 2602 1151 2639 σεῖο,
1175 2602 1254 2632 θεοῖς
1276 2599 1419 2631 ἐπιείκελ’
1447 2600 1612 2638 Ἀχιλλεῦ,
1632 2599 1767 2637 Τηλίκου

322 2650 571 2691 deprecantibus]
607 2650 890 2691 Deprecanfibus,
905 2650 937 2681 id
954 2655 1018 2689 est,
1073 2652 1175 2692 ὥσπερ
1191 2651 1270 2689 ἐγὼν
1284 2649 1365 2689 ὀλοῷ
1380 2648 1430 2680 ἐπὶ
1444 2648 1560 2689 ’γήραος
1575 2649 1664 2688 οὐδῷ.
1680 2651 1689 2666 ‘
1701 2650 1765 2680 Re-

323 2705 331 2717 ‘
349 2700 558 2739 rogantibus,
574 2708 674 2739 prece
689 2699 908 2740 petentibus)
951 2700 1018 2731 Sed
1073 2700 1214 2732 cordare
1231 2699 1345 2730 Patris
1362 2699 1423 2739 tui,
1446 2708 1465 2730 o
1483 2699 1558 2729 Diis
1575 2708 1636 2739 par
1652 2698 1767 2730 Achil-

326 2750 382 2779 vix
407 2748 497 2780 ferre
523 2758 657 2789 possum
673 2749 751 2780 illa:
777 2753 786 2766 ¹
802 2750 879 2780 Non
896 2749 1018 2789 depre-
1072 2750 1135 2786 les,
1160 2748 1322 2789 Ejusdem
1347 2748 1458 2779 aetatis
1475 2752 1512 2779 ut
1526 2757 1602 2788 ego,
1619 2748 1652 2779 in
1670 2747 1766 2788 gravi

325 2798 481 2829 cantibus
500 2798 644 2830 animam
662 2798 825 2839 parentis,
842 2798 900 2831 sed
916 2799 1018 2831 cada·
1072 2798 1258 2831 senectutis
1275 2796 1412 2829 limine.'
