1915 3231
234 325 319 367 272

692 338 905 368 DIC'rYos
940 338 1213 370 cRE'rENsis

237 429 294 470 ad
315 429 622 484 Lotophagos,⁰
652 435 786 484 atque
806 431 996 474 adversa
1016 444 1131 473 usus
1161 432 1350 484 fortuna,
1381 433 1604 476 devenerit
1636 435 1684 476 in

236 495 464 537 Siciliam:
494 498 569 538 ubi
591 511 667 551 per
687 498 914 553 Cyclopa²
945 502 988 540 et
1009 500 1297 554 Laestrygona
1325 500 1484 542 fratres
1500 506 1518 532 Ρ
1547 501 1685 543 multa.

237 562 418 615 indigna
438 569 659 618 expertus,
691 566 746 606 ad
767 571 1038 620 postremum
1061 566 1118 606 ab
1140 578 1292 607 eorum
1317 567 1418 608 filiis
1437 566 1685 621 Antiphate

236 633 281 669 et
301 629 575 684 Polyphemo
588 637 605 660 ‘¹
635 633 847 685 plurimos
867 633 1088 674 sociorum
1109 633 1318 674 amiserit.
1369 634 1486 675 Dein
1505 647 1584 687 per
1604 635 1687 675 mi-

239 697 520 739 sericordiam
541 699 804 753 Polyphemi
834 700 881 740 in
909 699 1149 741 amicitiam
1168 706 1388 754 receptus,
1406 700 1543 742 filiam
1570 702 1687 755 regis

238 761 444 810 Arenenf
471 769 704 820 postquam
725 767 960 820 Elpenoris
981 768 1121 808 sociis
1153 767 1249 821 ejus
1274 780 1419 809 amore
1445 768 1687 822 deperibat,

239 842 390 884 rapere
424 836 636 873 conatus:
666 833 745 874 ubi
778 846 848 874 res
879 834 1060 887 cognita
1093 838 1175 885 est,
1212 834 1462 876 interventu
1498 836 1688 889 parentis

842 984 978 997 ccccccc

240 1069 372 1105 qne—2
389 1066 511 1108 Delph.
529 1069 703 1110 Cyclopem.

983 985 1083 998 ccccc

893 1176 1031 1209 NOTAE

283 1272 299 1288 ⁰
321 1267 533 1309 Lotophagos]
556 1269 773 1310 Lotophagos
786 1270 869 1302 alios
883 1280 937 1301 su—

243 1327 305 1357 pra
320 1317 545 1358 Mauritanos,
562 1328 678 1351 versus
691 1320 876 1361 Occasum,
891 1321 939 1352 lo-

243 1370 300 1397 cat
314 1366 451 1406 Strabo,
466 1367 548 1399 alios
570 1368 605 1399 in
627 1368 744 1401 Insula
767 1370 941 1411 Meninge,

243 1425 320 1457 quae
337 1420 374 1447 et
393 1417 625 1457 Lotophagitis
642 1418 780 1459 dicitur,
801 1419 844 1451 ad
860 1420 939 1461 Syr-

243 1466 304 1496 tim
327 1466 501 1498 minorem·
545 1468 589 1499 Et
606 1478 663 1499 eos
679 1469 735 1500 hic
748 1469 941 1510 intelligen-

246 1514 307 1546 dos
323 1524 398 1546 esse
419 1515 509 1547 idem
533 1516 654 1556 docet;
678 1518 748 1549 illic
769 1519 859 1550 enim
883 1529 942 1550 ara

246 1563 379 1605 Ulyssis
404 1567 672 1600 ostendebatur:
703 1569 797 1602 fuere
821 1576 857 1602 et
887 1571 944 1602 alii

247 1614 449 1656 Lotophagi,
470 1616 503 1647 in
529 1627 665 1650 recessu
688 1618 810 1651 intimo
835 1621 944 1662 Syrtis

245 1665 397 1704 maJoris.

290 1718 307 1739 Ρ
318 1714 383 1745 Per
401 1715 533 1755 Cyclopa
548 1720 578 1748 et
594 1717 800 1760 Laestrygona
805 1720 945 1761 fratres]

250 1763 418 1804 Cyclopas
443 1770 479 1796 et
496 1766 737 1807 Laestrygonas
758 1767 880 1800 fratres
896 1769 947 1800 di-

247 1813 306 1844 cit.
341 1814 468 1846 Nescio
483 1815 585 1849 unde.
618 1818 831 1859 Thucydides
854 1819 944 1850 enim

246 1863 333 1894 libro
350 1873 400 1896 Vl.
438 1865 647 1898 Παλαιότατοι
668 1866 724 1906 μὲν
738 1868 887 1908 λέγονται
912 1870 946 1900 ἐν

249 1911 333 1954 μέρει
343 1913 401 1945 τινὶ
417 1916 474 1952 τῆς
484 1915 585 1956 χώρας
601 1916 771 1949 Κύκλωπες
784 1917 835 1948 καὶ
850 1922 944 1949 Λαισ-

250 1963 395 2003 τρυγόνες
424 1963 556 2001 οἷκῆιται.
590 1965 655 1997 ’ἓΩν
679 1967 740 2005 ἐγὼ
760 1967 831 1999 οὔτε
855 1967 946 2007 ’γένος

252 2012 318 2052 ἔχω
338 2013 445 2050 εἰπεῖν,
460 2015 522 2046 οὐθ’
537 2015 648 2047 ὁπόθεν
662 2015 816 2054 εἰσῆλθον,
833 2017 854 2055 ἢ
876 2018 946 2049 ὅποι

249 2062 465 2103 ἀπεχώρησαν.
510 2068 519 2082 ‘
535 2065 771 2107 Antiquissimi
786 2067 946 2099 dicuntur

249 2113 282 2143 in
308 2119 407 2154 parte
429 2114 571 2155 quadam
596 2115 756 2156 regionis,
773 2115 950 2158 (Siciliae,)

250 2162 418 2203 Cyclopes
446 2168 482 2195 et
499 2165 738 2206 Laestrygones
765 2166 947 2198 habitasse.

251 2212 403 2244 Quorum
419 2222 482 2253 ego
498 2223 608 2255 neque
626 2225 731 2254 genus
751 2225 884 2256 possum
898 2216 948 2247 di-

251 2270 342 2300 cere,
354 2271 463 2302 neque
475 2262 565 2293 unde
578 2264 745 2304 venerint,
761 2274 869 2305 neque
882 2274 951 2305 quo

252 2311 423 2342 abierint.'
468 2312 558 2344 Illud
584 2321 714 2345 certum
740 2319 806 2353 est,
831 2314 949 2355 Cyclo-

253 2369 314 2399 pas
337 2365 372 2391 et
398 2361 636 2402 Laestrygonas
660 2363 784 2394 Siciliae
805 2365 950 2405 populos

252 2409 516 2452 fuisse‚eamque
525 2419 653 2453 partem
662 2414 777 2445 insula‘
787 2415 950 2454 tenuisse,

255 2469 352 2500 quam
369 2465 489 2500 postea
501 2461 658 2493 Leontini.
684 2463 834 2504 Hesych.
857 2467 951 2494 Λαισ-

253 2508 410 2550 τρυγόνες,
423 2509 452 2541 οἱ
466 2510 519 2541 νῦν
531 2512 694 2542 Λεοντῖνοι.
737 2513 746 2530 ‘
759 2514 953 2554 Laestrygo-

254 2568 329 2599 nes,
346 2560 401 2600 qni
418 2570 505 2591 nunc
524 2561 698 2593 Leontini.¹
740 2561 838 2592 Idem
851 2562 950 2593 Tzet-

237 2637 239 2639 ,
256 2619 312 2640 zes
329 2609 363 2640 in
379 2611 548 2651 Lycophr.
570 2615 605 2642 et
622 2612 689 2643 alii.
733 2613 779 2643 Et
795 2622 874 2644 sane
892 2622 951 2644 no-

257 2660 350 2690 mina
363 2658 551 2701 Laestrygon
566 2661 778 2692 etLeontinus
793 2661 880 2693 idem
897 2671 951 2694 so·

257 2718 349 2748 nare,
366 2710 483 2741 docuit
498 2711 698 2742 Boehartus.
744 2710 840 2742 Sicut
861 2711 950 2742 euim

257 2759 475 2799 Laestrygones
485 2761 614 2791 Punice
626 2760 708 2791 dicti
724 2766 802 2792 sunt
815 2771 833 2791 a
846 2761 953 2792 leoni-

259 2808 309 2838 nis
324 2810 485 2849 moribus,
506 2810 632 2850 quippe
645 2810 832 2850 Laestrygon
852 2811 952 2841 Phoe-

259 2857 390 2889 nicibus
415 2863 490 2890 erat
504 2859 709 2901 Laislrz‘ecan,
727 2860 780 2892 leo
802 2859 952 2896 mordax,

991 1271 1039 1302 ita
1054 1280 1112 1302 eos
1137 1271 1252 1303 Graeci
1277 1281 1297 1302 a
1321 1271 1419 1304 leone
1436 1271 1604 1303 Leontinos
1619 1271 1694 1303 dix-

991 1330 1062 1352 ere.
1109 1321 1255 1362 Cyclopes
1283 1326 1410 1362 autem,
1430 1323 1488 1364 qui
1517 1322 1618 1354 aliam
1645 1323 1695 1354 in-

992 1371 1074 1401 sulae
1093 1375 1223 1411 partem
1236 1376 1391 1411 tenuere,
1403 1372 1590 1413 Lilybaeum
1604 1372 1696 1403 scili·

992 1424 1062 1459 cet,
1073 1419 1152 1450 inde
1168 1429 1188 1451 a
1202 1420 1419 1452 Phoenicibus
1434 1421 1519 1452 dicti
1537 1421 1697 1461 Kheklub,

994 1473 1171 1500 contracto
1182 1469 1317 1500 nomine
1325 1479 1368 1501 ex
1378 1470 1586 1510 Khekleklub,
1595 1470 1630 1502 id
1641 1475 1697 1503 est

996 1518 1099 1558 sinus,
1122 1519 1324 1560 Lilybetanus
1349 1519 1453 1556 sinus,
1475 1520 1518 1551 ad
1542 1520 1698 1561 Libyam·

998 1567 1104 1598 Plura
1128 1567 1206 1598 vide
1223 1567 1313 1609 apud
1330 1568 1434 1609 illum,
1458 1568 1491 1600 in
1513 1568 1585 1609 ejus
1607 1569 1697 1602 Cha·

998 1626 1097 1656 uaan,
1113 1626 1138 1649 1.
1155 1620 1208 1649 30.

1042 1672 1057 1693 ¹1
1091 1666 1266 1707 Antiphate
1295 1671 1326 1698 et
1357 1667 1560 1709 Polyphemo]
1595 1667 1697 1700 Anti-

1000 1718 1119 1759 phates
1143 1728 1185 1750 ex
1210 1719 1500 1760 Laestrygonibus‚
1526 1721 1698 1761 Polyphe-

998 1777 1071 1798 mus
1094 1777 1137 1799 ex
1161 1768 1379 1808 Cyclopibus.
1424 1768 1563 1800 Homer.
1580 1769 1700 1801 scribit

998 1817 1157 1858 Ulyssem
1172 1817 1280 1856 primo
1296 1817 1336 1848 ad
1353 1817 1522 1858 Cyclopas
1536 1817 1700 1860 delatum,

997 1865 1122 1897 deinde
1138 1865 1181 1896 ad
1193 1866 1320 1896 insulas
1334 1866 1531 1906 Vulcanius,
1546 1866 1637 1898 unde
1653 1867 1697 1898 ad

998 1917 1250 1957 Laestrygonas.
1271 1916 1327 1947 Ita
1340 1920 1378 1947 ut
1394 1917 1527 1948 omnino
1543 1916 1697 1949 diversos

999 1965 1114 1997 facere
1136 1965 1307 2006 videatur,
1326 1975 1437 2007 neque
1459 1967 1698 2007 Laestrygonas

999 2017 1105 2047 etiam
1117 2016 1150 2047 in
1162 2016 1275 2047 Sicilia
1289 2015 1458 2047 collocare
1472 2026 1482 2055 3
1505 2016 1565 2047 sed
1581 2017 1614 2047 in
1626 2017 1700 2048 Ita-

999 2066 1044 2097 lia
1069 2065 1161 2096 circa
1188 2065 1343 2096 Caietam
1364 2070 1401 2096 et
1428 2065 1590 2103 Formias,
1614 2076 1693 2108 quae

1001 2115 1238 2146 Auruncorum
1255 2119 1408 2146 veterum
1422 2114 1531 2146 sedes.
1565 2116 1699 2148 Aurun-

1001 2165 1034 2195 ci
1059 2169 1173 2196 autem
1189 2165 1440 2205 Laestrygones.
1477 2164 1570 2196 Plin.
1593 2175 1650 2197 ιιι.
1666 2170 1700 2197 5.

1000 2214 1010 2231 ⁴
1023 2213 1197 2254 Oppidum
1207 2213 1362 2253 Formiae,
1373 2213 1523 2245 Hormiae
1536 2219 1615 2246 aute
1629 2215 1702 2246 dic·
1737 2235 1741 2241 ·

1005 2268 1087 2304 tum,
1114 2268 1151 2294 ut
1173 2263 1425 2304 existimavere,
1453 2263 1596 2306 antiqua
1626 2265 1702 2297 1,ae-

1005 2320 1203 2355 strygonum
1220 2312 1343 2346 sedes-⁹

1047 2367 1059 2383 Γ
1081 2363 1197 2394 Filiam
1210 2363 1294 2402 regis
1309 2361 1450 2402 Arenen]
1469 2361 1596 2394 Nescio
1611 2362 1701 2394 unde

1003 2413 1090 2444 lianc
1105 2413 1277 2444 historiam
1290 2412 1410 2443 habuit
1423 2412 1559 2452 Dictys.
1586 2413 1701 2444 Minus

1006 2462 1118 2499 etiam,
1133 2462 1221 2493 unde
1235 2471 1329 2493 suam
1341 2462 1482 2493 Tzetzes
1492 2461 1525 2492 iu
1537 2461 1701 2493 Chiliadi·

1006 2512 1088 2551 bus3
1112 2512 1168 2543 ubi
1184 2515 1297 2543 narrat
1314 2512 1482 2552 Ulyssem,
1498 2515 1577 2552 post
1591 2520 1702 2543 occae·

1006 2567 1120 2594 catum
1136 2563 1399 2603 Polyphemum,
1422 2562 1497 2603 ejus
1519 2561 1620 2593 filiam
1643 2570 1703 2592 no·
1754 2554 1757 2557 ¹

1005 2612 1094 2643 mine
1135 2613 1245 2653 Elpen
1283 2611 1484 2643 abduxisse:
1530 2610 1591 2641 sed
1627 2619 1701 2642 eam

1005 2667 1124 2702 postea
1140 2662 1172 2693 ei
1189 2662 1426 2703 Laestrygonas
1441 2660 1620 2699 ademisse,
1643 2669 1702 2701 pa-

1005 2712 1117 2753 trique
1133 2711 1343 2754 Polyphemo
1358 2710 1538 2749 remisisse,
1553 2711 1616 2740 διε.

1049 2767 1060 2782 ⁵
1084 2762 1246 2802 Elpenoris
1259 2761 1351 2800 socii]
1375 2761 1471 2792 Unus
1484 2759 1546 2791 fuit
1563 2769 1582 2790 e
1604 2758 1702 2790 remi-

1006 2811 1103 2852 gibus
1120 2811 1264 2852 Ulyssis,
1308 2810 1397 2842 Vide
1416 2810 1519 2842 Hom.
1536 2809 1604 2841 od.
1620 2812 1657 2840 Λ.
