1915 3231
634 312 697 341 nu
733 310 824 340 imi
862 310 1086 341 Excmlo.
1537 299 1590 340 lt

137 406 355 460 appositae
376 409 476 447 sunt
502 405 574 447 27.
603 405 788 460 περιτταὶ,
804 405 889 447 hoc
909 409 991 455 est,
1022 418 1049 446 a
1068 405 1154 446 fine
1177 404 1321 459 primi,
1342 405 1399 446 ad
1420 405 1590 448 initium

138 473 336 522 secundi,
368 477 471 513 sunt
505 473 576 514 27.
601 470 789 527 περιτταί.
849 471 1045 513 Proinde
1080 484 1193 512 anno
1224 472 1293 512 12.
1328 471 1498 526 περιτταὶ
1518 472 1590 513 21.

137 541 360 581 attributae
392 539 658 592 significant,
681 552 707 580 a
727 539 813 580 fine
846 539 947 580 anni
973 539 1040 580 ll.
1072 538 1129 579 ad
1165 538 1331 579 initium
1355 539 1417 579 12.
1449 538 1589 580 fuisse

135 608 306 661 περιττάς
329 605 464 661 ἡμέρας
480 607 551 648 21.
571 619 682 660 quas
705 611 852 647 tamen
870 606 1119 659 Dionysius
1138 606 1205 646 15.
1228 610 1401 646 tantum
1421 611 1589 656 censet,

135 673 374 714 excludens
404 673 610 715 nimirum
631 673 671 714 8.
693 673 722 714 J
727 673 803 713 ulii
825 673 880 713 ab
901 673 1008 713 illis.
1068 672 1239 713 Rursus
1271 684 1370 712 cum
1401 671 1590 712 dicimus

133 739 419 793 plenilunium
452 740 607 788 fuisse,
642 740 928 792 intelligimus
970 738 1209 780 secundum
1248 751 1376 779 usum
1416 739 1590 792 periodi

133 805 316 856 Atticae,
337 812 383 848 et
403 811 451 849 ut
473 808 716 861 Dionysius
737 806 816 856 ait,
835 807 958 862 ὥσπερ
988 809 1045 846 νῦν
1077 809 1108 846 οῖ
1125 805 1307 855 Ἀθηναῖοι
1334 807 1415 853 τοὺς
1433 805 1590 862 χρόνους

130 871 286 926 ἄγουσι,
314 873 433 926 quod
466 873 809 928 prudentissime
830 874 886 914 ab
908 886 962 914 eo
980 873 1160 915 dictum.
1220 873 1441 915 Periodus
1471 875 1588 914 enim

132 939 288 981 Attica
301 940 670 982 accommodabat
690 940 914 981 novilunia
929 940 1266 981 Tetraeteridum
1283 941 1452 982 saeculo
1466 940 1588 994 Iphi-

134 1006 184 1057 ti,
205 1006 325 1048 facta
356 1011 449 1048 erat
482 1008 600 1049 lunae
633 1006 838 1063 πςοῆγηο-ις
867 1007 1022 1050 harum
1043 1008 1114 1048 32.
1175 1007 1218 1048 A
1249 1008 1415 1050 saeculo
1436 1012 1588 1048 autem

133 1074 273 1128 Iphiti
317 1076 373 1116 ad
414 1075 683 1129 Dionysium
724 1075 1193 1125 Halicarnassensem,
1236 1080 1281 1116 et
1320 1075 1587 1129 Augustum,

132 1141 258 1182 bidui
277 1143 425 1184 solidi.
485 1142 636 1193 Quare
659 1148 821 1184 erraret
842 1143 917 1196 qui
946 1143 1003 1184 ad
1024 1143 1137 1184 lunae
1160 1144 1351 1184 rationes
1377 1143 1475 1185 haec
1492 1143 1589 1184 exi-

132 1221 234 1261 gere
255 1210 405 1251 vellet.
465 1210 659 1264 Captum
682 1209 815 1262 igitur
840 1214 911 1250 est
932 1209 1051 1250 llion
1072 1223 1188 1251 anno
1208 1210 1377 1264 periodi
1392 1209 1420 1250 J
1427 1210 1586 1251 ulianae

131 1275 258 1317 3531.
275 1276 304 1317 J
308 1278 401 1317 unii
421 1278 491 1318 22.
550 1276 682 1318 Anno
703 1277 852 1319 mundi
874 1278 1001 1319 2767.
1035 1277 1314 1331 Didymonos
1336 1282 1492 1331 quarta
1512 1277 1588 1318 de·

134 1342 262 1385 eima.
323 1343 564 1386 Character
592 1345 802 1398 Zygonos
834 1346 876 1386 1.
909 1346 951 1387 9.
978 1345 1049 1386 35.
1073 1344 1257 1385 Octobr.
1280 1356 1324 1384 ν.
1354 1344 1486 1386 Anno
1505 1345 1534 1386 J
1540 1359 1586 1386 u-

133 1409 265 1451 daico
298 1411 427 1453 2578.
485 1411 656 1452 Tamuz
678 1412 744 1452 14.
774 1411 899 1466 cujus
929 1411 1155 1453 character
1174 1411 1215 1452 3.
1238 1412 1307 1452 14.
1327 1411 1428 1452 910.
1451 1415 1584 1466 atque

131 1477 203 1518 hic
221 1481 288 1518 est
312 1490 440 1519 verus
464 1491 604 1519 annus
634 1483 680 1519 et
708 1479 806 1519 dies
838 1480 961 1532 capti
992 1478 1078 1519 Ilii.
1139 1478 1273 1527 Nam,
1297 1482 1343 1520 ut
1373 1478 1585 1528 diximus,

130 1544 201 1584 25.
218 1543 536 1596 Thargelionis,
558 1545 603 1585 in
632 1557 747 1586 anno
765 1545 893 1586 tertio
909 1544 1223 1586 Tetraeteridos
1243 1545 1379 1586 habet
1398 1546 1585 1598 plenilu-

131 1611 266 1651 nium.
325 1611 377 1652 In
409 1611 494 1652 hoc
538 1625 653 1652 anno
702 1612 873 1652 Tamuz
910 1617 956 1652 et
995 1611 1220 1665 Didymon
1256 1614 1585 1654 concurrebant.

131 1676 318 1730 Epocha
348 1678 494 1730 igitur,
518 1691 619 1732 quae
643 1691 786 1720 annos
816 1680 916 1720 407.
948 1679 1179 1720 absolutos
1209 1680 1334 1733 ponit
1370 1684 1470 1721 ante
1498 1680 1586 1734 pri-

130 1757 246 1785 mam
269 1744 599 1799 Olympiadem,
620 1751 687 1788 est
720 1758 780 1787 ex
813 1747 1034 1788 sententia
1062 1745 1379 1788 Eratosthenis.
1438 1746 1586 1788 Voce-

130 1814 201 1851 tur
231 1812 567 1855 Eratosthenea.
630 1814 697 1855 Ea
735 1815 930 1855 omnium
964 1817 1029 1855 est
1063 1814 1324 1856 certissima.
1383 1814 1435 1855 In
1472 1815 1584 1857 libro

129 1878 274 1931 primo
308 1893 408 1921 cum
449 1894 681 1935 ageremus
716 1882 770 1923 de
802 1881 1000 1923 Periodo
1021 1880 1190 1931 Attica,
1212 1894 1294 1922 nos
1316 1881 1584 1923 contulimus

131 1959 281 1987 casum
305 1947 378 1988 Ilii
400 1947 444 1988 in
464 1948 564 1989 408.
591 1961 750 1990 annum
773 1956 877 1990 ante
897 1949 1084 2002 primam
1110 1947 1437 2003 Olympiadem.
1497 1948 1585 1989 Sed

129 2013 226 2054 haec
246 2015 398 2068 opinio
434 2015 489 2057 de
510 2017 611 2057 407.
635 2015 762 2057 annis
795 2015 924 2069 longe
955 2015 1136 2056 certior.
1196 2014 1269 2055 Ex
1289 2014 1357 2055 his
1387 2015 1585 2057 eruditus

130 2080 290 2122 Lector
324 2087 472 2136 potest
501 2083 727 2125 advertere
749 2087 917 2137 quanta
945 2083 1116 2124 utilitas
1147 2082 1203 2123 sit
1235 2083 1280 2123 in
1312 2082 1413 2123 anni
1446 2081 1586 2124 Attici

130 2147 343 2200 doctrina,
365 2155 409 2192 et
430 2163 565 2205 quam
583 2151 711 2205 longe
729 2151 941 2192 fallantur
961 2151 1037 2204 qui
1057 2162 1232 2191 menses
1250 2148 1584 2190 Atheniensium

129 2216 369 2269 populares
390 2217 446 2258 ad
466 2219 584 2259 lunae
605 2218 801 2259 rationes
821 2222 1048 2267 revocant,
1078 2222 1125 2258 et
1146 2216 1440 2258 Neomeniam
1473 2216 1583 2257 Hae-

130 2284 443 2326 catombeonis
478 2284 524 2325 in
555 2284 690 2326 Junio
720 2290 772 2325 ut
803 2284 1042 2338 plurimum
1078 2286 1290 2324 statuunt.
1352 2282 1422 2324 De
1450 2283 1584 2324 variis

129 2349 248 2391 circa
276 2350 394 2392 hunc
422 2364 576 2393 casum
600 2356 797 2392 veterum
824 2351 1055 2392 sententiis
1086 2349 1306 2391 adducam
1326 2349 1463 2390 verba
1483 2348 1584 2390 Cle-

127 2417 289 2458 mentis
311 2416 616 2459 Alexandrini.
678 2420 791 2460 Κατοὶ
811 2418 847 2458 δὲ
877 2418 918 2459 τὸ
947 2416 1264 2458 ὀκτωκαιδέκατον
1286 2415 1361 2463 ἔτος
1377 2418 1441 2463 τῆς
1460 2417 1583 2470 Ἀγα-

128 2482 301 2536 μέμνονος
322 2484 524 2536 βασιλείας
546 2483 664 2526 Ἴλιον
684 2485 799 2536 ἑάλω,
822 2489 1072 2539 Δημοφῶντος
1093 2488 1157 2524 τοῦ
1183 2481 1331 2531 Θησέως
1364 2482 1584 2533 βασιλεύον-

128 2566 189 2598 τος
207 2552 374 2608 Ἀθῆνῃσι
396 2556 449 2608 τῷ
483 2552 619 2609 πρώτῳ
642 2552 727 2605 ἔτει,
752 2558 1018 2609 Θαργηλιῶνος
1037 2552 1147 2604 μηνὸς
1169 2549 1320 2604 δευτέρᾳ
1339 2550 1393 2589 ἐπὶ
1411 2548 1514 2600 δέκα,
1537 2548 1584 2597 ὥς

129 2631 216 2670 φησι
239 2619 426 2668 Διονύσιος
451 2623 466 2660 ὁ
486 2622 669 2678 Ἀργεῖος.
726 2619 863 2675 Αἰγίας
891 2620 926 2660 δὲ
951 2619 1014 2658 καὶ
1037 2616 1229 2673 Δηρκύλος
1253 2619 1287 2656 ἐν
1306 2619 1351 2671 τῇ
1371 2615 1489 2672 τρίτῃ,
1511 2634 1584 2669 μη-

129 2688 183 2733 νὸς
217 2686 389 2740 Πανέμου
427 2686 533 2744 ὀγδόῃ
559 2687 754 2737 φθίνοντος,
783 2686 1010 2734 Ἐλλανῖκος
1042 2686 1076 2726 δὲ
1113 2684 1295 2738 δωδεκάτῃ
1322 2688 1584 2738 Θαργηλιῶνος

128 2751 251 2805 μηνὸς,
271 2757 351 2796 &c-
412 2755 513 2796 Nos
535 2753 713 2797 Atticos
747 2757 914 2799 veriora
949 2753 1190 2809 protulisse
1221 2757 1446 2808 putamus,
1481 2757 1585 2810 Oug-

129 2826 305 2876 γηλιῶνος
325 2827 373 2878 τῇ
388 2821 491 2879 ὀγδόῃ
516 2822 709 2872 φθίνοντος.
