1915 3231
598 311 662 341 ΒΕ
697 309 854 341 nunno
887 308 1115 339 TROJANO
1149 308 1244 339 mn.
1278 310 1330 341 11.
1593 301 1677 342 137

225 405 396 448 oraculi
426 405 665 447 firmavere.
729 404 930 446 Ceterum
950 403 1099 446 Graeci
1119 403 1273 445 multis
1300 404 1677 448 immolationibus

224 474 350 514 Deos
383 472 605 526 adjutores
637 473 816 525 incepto
847 471 1102 512 invocantes
1133 470 1300 512 Aulida
1329 485 1428 512 cum
1453 474 1678 525 praedictis

223 539 410 580 navibus
431 539 624 580 veniunt.
683 539 833 592 Atque
863 537 966 578 inde
996 550 1179 591 propere
1200 539 1411 590 navigare
1432 540 1680 592 incipienti-

224 605 336 646 bus²
366 605 458 646 dux
479 605 706 660 Telephus
720 611 737 627 ¹¹
768 606 825 647 ob
848 609 1076 658 acceptam
1099 606 1281 657 gratiam
1298 606 1454 646 factus.
1515 606 1588 647 Ita
1609 620 1680 647 as-

224 672 372 713 censis
406 673 614 722 navibus,
650 678 806 714 ventos
838 673 991 722 nacti,³
1022 672 1182 726 paucis
1214 672 1369 713 diebus
1403 673 1460 713 ad
1497 672 1679 726 Trojam

223 751 466 792 pervenere.
498 740 604 791 [11.]
621 739 708 779 Per
725 739 840 780 idem
861 743 1035 793 tempus
1052 739 1287 793 Sarpedon
1307 739 1474 795 Lycius
1487 739 1677 790 Xanthi,

225 810 269 848 et
304 806 622 856 Laodasniae,4v
660 806 964 861 frequentibus
1004 807 1166 848 nuntiis
1206 820 1234 848 a
1275 807 1456 848 Priamo
1492 807 1679 856 accitus,

224 886 324 915 cum
343 886 504 926 magna
525 879 792 915 armatorum
812 887 946 916 manu
968 874 1254 916 adventabat.
1315 874 1362 915 Is
1380 874 1456 914 ubi
1479 873 1680 915 animad-

224 940 356 982 vertit
375 941 530 994 procul
550 954 755 995 magnam
777 942 864 982 vim
888 942 1101 983 classium
1131 941 1354 982 admotam
1383 941 1535 991 littori,
1555 945 1679 981 ratus

224 1011 275 1048 ut
290 1008 512 1060 negotium
534 1013 646 1058 erat,
679 1022 867 1062 propere
891 1021 998 1049 suos
1018 1009 1204 1057 instruit,
1225 1008 1499 1061 Graecosque
1531 1008 1679 1060 egredi

225 1074 484 1127 incipientes
503 1075 686 1116 invadit.
720 1075 881 1128 Neque
898 1075 1034 1115 multo
1056 1079 1156 1128 post
1172 1075 1410 1116 Priamidae
1427 1087 1473 1115 re
1490 1075 1679 1126 cognita,

226 1140 410 1194 arreptis
432 1141 562 1182 armis
584 1145 835 1182 aecurrunt:
869 1154 971 1182 cum
1005 1141 1181 1182 interim
1203 1141 1352 1183 Graeci
1382 1141 1556 1182 infestis
1577 1141 1680 1182 hos-

225 1208 363 1256 tibus,
381 1212 426 1248 et
447 1208 565 1248 omni
583 1208 715 1248 modo
736 1208 1022 1257 instantibus,
1035 1221 1181 1261 neque
1197 1208 1345 1261 egredi
1360 1209 1454 1248 sine
1470 1208 1677 1262 pernicie,

226 1286 370 1326 neque
389 1286 509 1315 arma
529 1288 688 1327 capere
701 1279 726 1295 W
756 1275 941 1315 turbatis
964 1275 1183 1326 omnibus,
1205 1279 1248 1316 et
1269 1276 1327 1316 ob
1347 1275 1393 1315 id
1414 1279 1578 1316 cuncta
1598 1275 1679 1315 im-

228 1340 524 1393 pedientibus,
558 1345 754 1395 possent.
818 1341 887 1382 Ad
906 1346 1173 1396 postremum
1192 1346 1351 1392 tamen,
1381 1342 1425 1382 hi
1448 1342 1610 1395 quibus
1630 1342 1679 1382 in

229 1420 285 1447 ea
314 1406 596 1448 festinatione
616 1408 813 1449 armandi
835 1413 973 1450 semet
993 1414 1202 1462 potestas
1230 1409 1326 1459 suit,
1348 1409 1593 1450 confirmati
1614 1408 1679 1449 in-

228 1478 296 1513 ter
317 1486 365 1514 se
383 1474 589 1523 invicem,
612 1475 772 1515 acriter
791 1475 946 1515 hostes
966 1476 1205 1516 incurrunt.
1264 1476 1356 1516 Sed
1387 1477 1433 1516 in
1456 1488 1510 1516 ea
1529 1488 1680 1529 pugna

228 1539 520 1589 Protesilaus,
543 1540 670 1593 cujus
692 1541 819 1582 navis
840 1541 982 1594 prima
1003 1542 1197 1582 omnium
1221 1546 1347 1584 terrae
1369 1542 1548 1584 admota
1567 1545 1677 1591 erat,

829 1658 887 1672 000
893 1658 1073 1671 eeaeaeeaeeeo

226 1732 322 1770 nacti,
345 1732 463 1765 inserit
482 1734 608 1775 Delph.
624 1743 723 1766 voces
746 1745 787 1765 ex
811 1737 1044 1768 sementim-4
1070 1736 1156 1768 Post
1178 1735 1358 1767 Laodamia>
1385 1735 1523 1767 exhibet
1551 1735 1680 1777 Delph.

881 1835 912 1866 N
919 1835 1024 1868 OTAE
1383 1856 1401 1862 -

267 1903 282 1919 ¹¹
305 1898 383 1930 Dux
398 1897 562 1938 Telephus]
590 1898 718 1930 Verum
734 1898 791 1930 alii
807 1908 923 1931 omnes

226 1948 445 1980 consentiunt
452 1949 641 1989 Telephum
652 1949 851 1980 societatem
864 1950 925 1980 mi-

224 1998 310 2030 litiae
347 1998 535 2034 recusasse,
573 1998 664 2040 quod
699 2003 791 2030 esset
820 2009 925 2039 gener

224 2048 366 2080 Priami.
410 2049 540 2089 Hygin.
570 2048 640 2080 fab.
668 2051 742 2080 101.
773 2050 783 2067 ‘
799 2048 832 2081 A
859 2059 923 2091 quo

225 2108 302 2130 cum
324 2102 482 2139 peterent
508 2103 547 2130 ut
571 2107 688 2130 secum
715 2098 758 2130 ad
783 2099 923 2140 Trojam

225 2148 486 2189 expugnandam
502 2148 581 2189 iret,
601 2157 668 2180 non
685 2148 924 2190 impetrarunt,

226 2198 316 2240 quod
332 2199 360 2229 is
376 2198 557 2230 Laodicem
573 2197 701 2229 Priami
720 2197 824 2230 filiam
841 2208 923 2231 uxo-

225 2257 297 2279 rem
308 2248 470 2286 haberem
486 2247 546 2279 sed
561 2247 603 2279 ob
618 2247 820 2280 beneficium
833 2249 925 2290 quod

226 2307 302 2329 eum
318 2301 491 2336 sanarunt,
506 2306 564 2329 eos
581 2296 738 2338 deduxit,
758 2298 850 2330 locos
867 2308 924 2330 au-

225 2353 295 2380 tem
311 2353 347 2379 et
362 2348 487 2380 itinera
503 2347 776 2380 demonstravit.’

269 2403 283 2418 '
307 2398 444 2436 Xanthi,
459 2400 490 2429 et
505 2397 699 2438 Laodamiae]
733 2398 827 2429 Male
850 2398 925 2439 qui-

226 2449 325 2480 dam:
348 2447 476 2479 ‘Anthi
491 2454 527 2478 et
544 2447 772 2480 Laomadeae.'
816 2448 925 2489 Hujus

225 2498 354 2530 Xanthi
376 2497 530 2529 meminit
555 2499 597 2529 D.
613 2496 796 2538 Augustin.
813 2507 926 2531 xvm.

227 2550 278 2579 12.
294 2547 337 2578 de
354 2548 429 2580 Civ.
447 2547 528 2578 Dei.
572 2548 582 2565 ‘
598 2547 668 2578 Per
695 2557 752 2579 eos
776 2558 881 2579 annos
905 2559 926 2580 a

225 2607 308 2638 rege
322 2597 462 2629 Xantho
476 2597 706 2637 Cretensium,
718 2598 816 2638 cujus
833 2598 924 2638 apud

227 2648 310 2680 alios
342 2647 434 2680 aliud
461 2656 585 2678 nomen
612 2647 816 2689 invenimus,
843 2647 925 2689 (As-

225 2697 305 2728 terii
321 2695 487 2738 scilicet‚)
511 2701 609 2737 rapta
632 2697 834 2737 perhibetur
857 2699 925 2729 Eu-

226 2755 313 2786 ropa
335 2751 372 2778 et
399 2747 479 2778 inde
506 2747 613 2787 geniti
637 2748 926 2789 Rhadamanthus,

226 2795 417 2836 Sarpedon,
436 2801 472 2828 et
497 2797 624 2832 Minos,
651 2807 735 2838 quos
759 2799 866 2838 magis
883 2810 925 2830 ex

229 2844 345 2877 eadem
361 2846 503 2878 muliere
518 2845 604 2878 filios
616 2845 712 2879 Jovis
723 2856 798 2879 esse
810 2848 926 2890 vulga·

979 1904 1050 1931 tum
1068 1899 1143 1931 est.'
1182 1900 1259 1935 Ubi,
1275 1904 1314 1931 ut
1336 1899 1441 1935 vides,
1467 1910 1582 1932 eorum
1607 1901 1681 1942 opi-

977 1949 1114 1980 nionem
1129 1950 1252 1991 tangit,
1267 1950 1322 1991 qni
1338 1950 1568 1990 Sarpedonem
1582 1951 1679 1983 Jovis

978 2006 1015 2032 et
1028 2001 1176 2040 Europae
1193 2001 1298 2031 tilium
1316 2000 1445 2031 dicunt.
1485 2001 1581 2031 Inter
1596 2010 1679 2042 quos

978 2049 1177 2090 Apollodor.
1202 2050 1373 2081 Herodot.
1397 2050 1513 2082 Strab.
1538 2050 1681 2084 Hesiod.

978 2098 1210 2138 Bacchilides,
1222 2103 1257 2129 et
1274 2099 1342 2131 alii.
1366 2100 1492 2130 Verum
1509 2100 1680 2131 Homerus

977 2149 1070 2180 illum
1087 2149 1185 2181 Jovis
1201 2154 1236 2180 et
1252 2149 1446 2180 Laodamiae
1462 2149 1566 2180 filium
1584 2150 1681 2189 dicit,

977 2198 1153 2240 ipsamque
1174 2199 1391 2231 Laodamiam
1408 2199 1511 2230 {iiiam
1527 2201 1681 2232 Bellero·

978 2248 1127 2289 phontis.
1186 2249 1267 2279 Fuit
1299 2254 1334 2279 et
1368 2250 1452 2280 alius
1485 2250 1679 2291 Sarpedon,

980 2297 1137 2337 Neptuni
1156 2296 1257 2337 filius,
1273 2307 1371 2339 quem
1390 2298 1559 2330 Hercules
1575 2299 1678 2331 inter-

978 2347 1074 2379 fecit.

1024 2403 1043 2417 W
1068 2398 1176 2437 Neque
1190 2407 1278 2428 arma
1297 2396 1419 2437 capere]
1444 2397 1553 2429 Rideo
1569 2402 1678 2439 certe,

981 2453 1016 2481 et
1032 2449 1209 2489 scriptoris
1225 2448 1502 2489 hujusjndicinm
1519 2449 1680 2481 demiror.

979 2499 1056 2531 Jam
1085 2498 1202 2529 Graeci
1233 2507 1308 2528 cum
1339 2498 1540 2537 Sarpedone
1570 2499 1679 2540 Lycio

979 2559 1098 2580 manus
1115 2552 1384 2586 conseruerant3
1404 2553 1439 2578 at
1453 2549 1474 2578 ii
1491 2549 1678 2581 adventan-

979 2599 1072 2631 tibus
1085 2598 1241 2639 Trojanis
1256 2598 1377 2628 mirum
1400 2599 1434 2628 in
1457 2599 1594 2630 modum
1610 2605 1680 2632 tre·

979 2649 1112 2690 pidant,
1140 2651 1280 2688 pavent,
1306 2647 1357 2679 ita
1380 2652 1417 2678 ut
1441 2649 1497 2679 vix
1514 2658 1607 2680 arma
1623 2660 1678 2681 ca-

979 2708 1061 2740 pere
1079 2697 1224 2730 turbatis
1249 2696 1404 2728 omnibus
1427 2698 1572 2738 possint.
1616 2700 1678 2731 Ni-

978 2750 1098 2780 mirum
1128 2748 1226 2787 hujus
1255 2757 1377 2787 puguae
1408 2748 1599 2779 meminisse
1629 2749 1679 2780 ita

978 2798 1138 2830 horrebat
1157 2798 1291 2837 Dictys,
1309 2801 1359 2835 ut,
1374 2805 1450 2828 cum
1463 2797 1534 2829 haec
1552 2798 1679 2829 scribe-

979 2853 1045 2888 ret,
1069 2847 1118 2879 illi
1134 2848 1242 2879 adhuc
1260 2856 1329 2888 prae
1348 2846 1467 2878 timore
1483 2857 1559 2879 cum
1573 2857 1677 2879 mem-
