1915 3231
549 311 613 342 DE
645 310 886 342 HisromA
920 310 1066 340 sunm
1101 311 1332 343 TRoJANl.
1598 302 1656 343 43

206 406 323 446 tians
364 410 410 445 et
439 405 689 458 praedicens
720 404 909 454 Graecis,
929 417 1202 458 monensque
1225 409 1274 446 ut
1301 405 1492 458 ligneum
1530 407 1653 447 illum

203 472 379 526 Equum
411 476 662 513 exstruant:
704 472 953 513 Cassandra
981 471 1305 524 Agamemnoni
1336 481 1550 514 eventura
1581 474 1654 515 de-

201 539 402 581 clarans:
435 540 622 593 denique
643 539 864 594 Cyclopes
893 544 939 580 et
969 539 1296 593 Laestrygones,
1327 539 1588 593 Antiphates
1611 548 1655 582 et

200 605 522 660 Polyphemus,
545 607 671 648 Circe
684 612 727 647 et
743 606 958 660 Calypso,
978 606 1202 661 Penelope
1219 620 1319 648 cum
1336 617 1469 647 XXX.
1488 609 1652 660 procis.

201 671 318 713 Haec
339 673 486 714 omnia
506 674 616 714 satis
646 686 868 726 superque
901 673 1156 723 ostendunt,
1189 677 1413 714 auctorem
1451 678 1651 716 nostrum

198 739 405 781 hausisse
437 754 519 782 sua
548 740 832 794 potissimum
864 753 921 780 ex
957 740 1171 790 Homero,
1193 744 1325 794 atque
1356 740 1456 782 aliis
1485 741 1649 794 poetis,

196 806 318 856 licet,
339 807 487 848 forsan
515 811 563 848 ut
582 806 628 848 id
651 806 913 857 dissimulet,
935 820 1056 861 saepe
1076 807 1191 848 haud
1223 821 1381 861 pamm
1402 809 1650 859 immutata,

196 877 288 914 tum
313 887 419 915 vero
441 888 468 916 a
488 874 575 915 fide
598 875 830 915 Historica
858 874 1066 923 hominis,
1087 875 1161 928 qui
1193 876 1324 917 rebus
1351 877 1488 929 gestis
1520 877 1650 918 inter—

194 940 337 991 fuerit,
360 954 521 995 easque
553 942 830 996 simpliciter,
860 947 910 984 ut
939 948 1079 996 gestae
1107 948 1246 993 erant,
1276 944 1530 993 narraverit,
1555 943 1649 985 lon-

196 1020 298 1059 gum
313 1010 446 1050 abire.

253 1085 380 1118 xxv,
412 1077 500 1118 Sed
520 1081 561 1118 et
581 1090 664 1118 suo
695 1077 795 1131 ipse
824 1077 990 1118 indicio
1023 1078 1326 1132 antiquitatem
1353 1077 1490 1127 illam,
1514 1091 1647 1131 quam

188 1142 348 1196 Jactat,
373 1145 665 1185 clarissimum
686 1145 729 1185 in
743 1146 921 1186 modum
936 1146 1099 1198 passim
1117 1145 1289 1186 refellit.
1322 1145 1427 1186 Huc
1448 1146 1648 1198 pertinet,

195 1210 315 1263 quod
335 1212 500 1264 ubique
521 1213 657 1252 etiam
687 1213 733 1252 in
754 1213 1026 1253 orationibus
1058 1212 1318 1254 Graecorum
1342 1212 1397 1253 ad
1428 1213 1645 1268 Trojanos

192 1276 318 1330 (vide
341 1289 391 1318 11.
412 1279 482 1320 22.
505 1285 550 1319 et
573 1290 647 1320 ιιι.
671 1280 739 1320 23.
763 1284 806 1320 et
837 1279 955 1333 apud
986 1279 1199 1319 Malelam
1221 1277 1340 1333 158.)
1361 1279 1496 1320 hosce
1523 1280 1645 1320 voci-

193 1349 259 1385 tat
291 1345 526 1396 Barbaros,
556 1360 695 1400 eoque
726 1348 898 1387 nomine
922 1346 1097 1387 Graecis
1129 1347 1332 1400 opponit,
1356 1359 1455 1387 cum
1480 1359 1534 1388 ea
1555 1358 1643 1388 vox

191 1411 268 1452 illo
289 1418 406 1453 certe
429 1427 560 1454 sensu
582 1420 685 1455 tunc
709 1414 921 1467 temporis
942 1413 1134 1454 nondum
1155 1413 1289 1454 fuerit
1310 1414 1354 1454 in
1375 1427 1477 1455 usu.
1510 1413 1642 1455 Unde

191 1480 483 1522 observarunt
498 1482 590 1534 jam
612 1482 715 1522 olim
738 1481 1022 1534 Thucydides
1046 1492 1078 1520 1.
1099 1481 1141 1522 3.
1173 1485 1215 1522 et
1245 1481 1404 1522 Strabo
1435 1481 1513 1521 lib.
1535 1491 1642 1522 Χιν.

189 1546 287 1588 661.
310 1549 388 1589 &c.
428 1562 484 1589 ne
514 1549 760 1590 Homerum
800 1548 993 1602 quidem,
1035 1549 1113 1601 qui
1149 1552 1273 1588 tanto
1314 1551 1511 1601 ternpore
1543 1553 1643 1601 post

189 1614 320 1663 vixit,
342 1628 429 1656 non
451 1616 596 1657 dicam
610 1616 847 1669 Trojanos,
865 1615 943 1655 sed
966 1627 1105 1667 neque
1126 1614 1244 1654 ullos
1267 1614 1397 1664 alios,
1412 1615 1642 1668 appellare

189 1681 428 1732 Barbaros,
451 1688 622 1725 tantum
650 1684 787 1724 semel
808 1682 947 1724 Caras
977 1682 1121 1723 dicere
1161 1679 1490 1736 βαρβαροφώνους.
1550 1682 1642 1736 Op-

186 1750 352 1802 positio
375 1755 526 1791 autem
557 1751 710 1792 isthaec
734 1750 988 1791 Graecorum
1012 1755 1056 1790 et
1093 1749 1386 1790 Barbarorum
1417 1749 1548 1802 longe
1571 1763 1642 1791 se-

178 1817 272 1857 ·rior
290 1816 387 1869 fuit,
417 1831 501 1859 non
522 1819 725 1873 Trojanis
750 1823 922 1860 tantum
942 1817 1229 1870 temporibus,
1254 1816 1333 1857 sed
1353 1821 1396 1858 et
1415 1818 1516 1870 ipso
1539 1817 1641 1858 Ho-

185 1896 317 1926 mero.
397 1885 557 1927 Strabo
581 1886 623 1928 d.
655 1887 684 1928 l.
705 1885 786 1927 εἶτα
807 1884 1108 1941 κατεχρησάμεθ’
1132 1890 1176 1932 ὥς
1200 1885 1324 1938 Mune?
1349 1886 1455 1939 κοινῷ
1475 1884 1640 1936 ὀνόματι,

185 1952 482 2008 ἀντιδιαιροῦντες
517 1955 603 2009 πρὸς
632 1957 696 1994 τοῦ
721 1952 932 2003 “Ἐλληνας,
967 1956 1156 2006 ‘postea
1187 1952 1317 1993 abusi
1347 1951 1523 1992 Sumus'
1553 1952 1638 1994 hac

185 2032 295 2061 voce
308 2021 348 2060 in
373 2021 508 2062 alium
527 2035 671 2072 usum,
695 2023 870 2064 scilicet
891 2027 939 2062 ut
959 2022 1182 2063 Barbaros
1203 2020 1333 2073 quasi
1356 2022 1368 2040 ‘
1388 2019 1610 2060 communi
1627 2018 1637 2035 ’

185 2085 269 2127 hoc
303 2091 315 2109 ‘
331 2087 538 2130 Gentium
575 2090 794 2131 vocabulo
835 2090 1204 2142 distingueremus
1241 2099 1268 2127 a
1307 2086 1509 2128 Graecis.'
1568 2088 1637 2130 Ea

183 2158 332 2195 tamen
352 2169 450 2196 cum
473 2157 590 2210 apud
619 2163 814 2198 nostrum
835 2157 1000 2209 Dictyn
1030 2155 1090 2195 sit
1118 2154 1485 2207 frequentissima,
1508 2167 1636 2196 nemo

182 2234 268 2262 non
288 2222 418 2264 facile
448 2224 672 2277 intelligit,
701 2224 837 2265 fuisse
857 2237 961 2277 ergo
995 2223 1120 2264 illum
1151 2222 1353 2262 Homero
1374 2221 1503 2274 longe
1536 2234 1637 2276 pos-

183 2290 399 2332 teriorem.

240 2366 390 2398 xxvi.
421 2358 590 2400 Similis
611 2358 742 2413 pretii
782 2361 825 2399 et
853 2361 972 2400 notae
1008 2362 1091 2406 est,
1132 2356 1253 2411 quod
1292 2356 1634 2399 ‘Thessaliam’

181 2430 397 2466 memorat
427 2438 490 2467 v1.
509 2428 550 2468 7.
570 2440 672 2468 cum
692 2427 774 2467 hoc
796 2439 953 2467 nomen
973 2438 1028 2466 ne
1061 2424 1196 2466 fando
1219 2423 1395 2477 quidem
1429 2423 1631 2464 auditum

176 2491 310 2532 fuerit
339 2493 520 2548 Trojani
541 2494 643 2535 belli
665 2497 880 2548 tempore.
943 2493 1119 2534 Diserte
1140 2491 1345 2532 Velleius
1367 2490 1631 2531 Paterculus

182 2569 212 2599 1.
233 2558 275 2599 3.
305 2561 616 2614 appellationis
636 2560 771 2615 hujus
793 2560 1002 2613 originem
1025 2559 1083 2600 ad
1104 2563 1280 2611 tempus
1299 2557 1488 2607 demum,
1507 2557 1630 2611 quod

175 2625 260 2667 fuit
292 2631 394 2680 post
420 2627 603 2669 reditum
637 2627 976 2668 Heraclidarum
1008 2626 1055 2666 in
1090 2625 1466 2678 Peloponnesum,
1486 2625 1630 2675 refert,

180 2705 281 2734 cum
302 2700 431 2736 antea
462 2695 822 2750 ‘Myrmidonum
852 2692 1035 2735 civitas'
1066 2705 1118 2733 ea
1139 2692 1259 2744 regio
1296 2697 1343 2732 et
1373 2704 1480 2744 gens
1500 2691 1631 2733 fuerit

179 2761 419 2814 appellata.
479 2762 669 2816 Subjicit
684 2768 791 2804 tunc
813 2763 946 2803 verba
961 2761 1032 2802 hic
1054 2759 1270 2801 notanda:
1301 2761 1314 2779 ‘
1331 2757 1436 2808 Quo
1455 2760 1629 2801 nomine

177 2826 324 2869 mirari
345 2829 550 2873 convenit
570 2842 662 2881 eos,
684 2830 760 2884 qui
781 2829 922 2870 Iliaca
942 2830 1261 2881 componentes
1281 2830 1481 2880 tempora
1501 2825 1556 2867 de
1577 2839 1629 2870 ea
