1915 3231
519 335 582 365 nE
614 334 773 365 BELLo
806 335 1031 366 'rnosANo
1066 336 1162 367 Lm.
1192 337 1260 367 vr.
1514 329 1600 370 275

146 428 456 477 saevissimum,
493 430 539 468 et
568 427 696 469 illata
728 427 907 469 sorbere
940 427 1136 478 solitum,
1171 428 1382 481 plurimas
1414 431 1595 473 navium

144 508 240 536 cum
261 494 397 536 sociis
415 493 623 534 amiserit.
683 493 758 535 Ita
793 507 842 535 se
874 507 975 535 cum
1005 495 1198 536 residuis
1220 495 1265 536 in
1284 508 1440 536 manus
1462 496 1598 538 Phoe-

144 563 291 603 nicum
311 573 390 614 per
408 561 547 602 maria
567 558 887 614 praedantiumd
919 562 1168 612 incurrisse,
1196 566 1331 616 atque
1352 563 1408 603 ab
1429 562 1497 602 his
1521 575 1599 615 per

143 627 491 670 misericordiam
512 630 790 668 reservatum.
824 626 966 680 Igitur
984 629 1050 669 uti
1072 629 1290 678 voluerat,
1312 629 1513 682 acceptis
1536 629 1592 669 ab

143 707 245 747 rege
265 698 417 736 nostro
438 693 609 736 duabus
630 695 832 744 navibuS,
863 693 1140 749 donatusque
1171 696 1312 737 multa
1343 695 1507 749 praeda,
1537 695 1595 736 ad

144 760 378 802 Alcinoum
400 774 549 814 regem
581 760 824 802 Phaeacum
841 767 855 784 ⁸
887 763 1131 804 remittitur.
1191 761 1272 816 [6.]
1305 762 1378 804 Ibi
1403 763 1459 803 ob
1484 762 1598 803 cele-

143 827 346 869 britatem
367 828 555 869 nominis
576 840 653 881 per
667 828 828 869 multos
850 827 946 869 dies
965 829 1150 882 benigne
1168 833 1395 882 accethS‚
1412 840 1594 881 cognos-

144 894 204 935 cit
225 894 497 948 Penelopam
524 895 581 935 ab
612 894 789 947 triginta
809 895 1053 936 illustribus
1073 896 1178 937 viris
1199 896 1387 938 diversis
1408 908 1467 936 ex
1485 896 1599 936 locis

143 961 190 1002 in
208 961 534 1003 matrimonium
551 961 790 1016 postulari.
834 962 990 1016 Hique
1011 967 1133 1004 erant
1153 976 1179 1004 a
1193 959 1454 1017 Zacynth0,f
1468 961 1600 1003 Echi-

143 1027 350 1078 nadibus,
372 1027 614 1078 Leucatha,
637 1028 808 1070 Ithaca.
870 1028 941 1070 Ob
976 1042 1076 1083 quae
1107 1030 1254 1072 multis
1274 1030 1482 1084 precibus
1503 1042 1601 1082 per-

146 1094 306 1136 suadet
325 1095 451 1148 regi,g
480 1096 544 1137 uti
579 1108 733 1137 secum
765 1095 823 1137 ad
841 1096 1152 1138 vindicandam
1184 1096 1452 1139 matrimonii
1483 1095 1599 1150 inju-

805 1195 836 1227 N
843 1194 946 1227 OTAE

146 1255 212 1286 Vel
228 1256 338 1296 potius
353 1257 442 1295 quod
457 1267 496 1288 ea
509 1258 582 1289 loca
594 1257 778 1299 naufragiis
795 1268 846 1289 es-

145 1310 223 1336 sent
237 1306 362 1337 nobilia
377 1317 388 1346 ;
419 1307 509 1339 unde
525 1317 545 1339 a
561 1308 780 1339 Phoenicibus
797 1309 844 1339 al-

146 1362 256 1388 terum
267 1357 413 1399 Scyllam
426 1358 556 1389 dictum
569 1358 685 1389 docuit
695 1359 845 1390 Bochar-

146 1412 200 1438 tus
216 1418 236 1438 a
251 1408 376 1448 punico
395 1409 471 1446 scol,
486 1408 517 1439 id
542 1413 606 1444 est,
621 1408 776 1440 exitium.-
799 1409 845 1439 al-

146 1463 257 1490 terum
285 1458 487 1499 Charybdim,
513 1468 533 1489 a
555 1458 686 1490 Punico
708 1458 845 1489 Chorab-

145 1512 229 1546 dam,
255 1509 288 1541 id
319 1514 385 1551 est,
413 1510 585 1542 ‘foramen
610 1510 844 1551 perdifionis?

146 1560 241 1591 hiatu
258 1560 345 1591 enim
369 1569 490 1601 magno
515 1559 750 1602 profundoque
773 1570 843 1593 sor-

146 1609 207 1641 bet
224 1609 369 1650 navigia.

185 1659 201 1681 ¹¹
223 1660 264 1691 In
275 1670 383 1691 manus
396 1660 575 1691 Phoenicum
582 1670 639 1700 per
650 1661 750 1691 maria
760 1670 845 1700 proe-

143 1710 296 1751 dantium,
311 1710 379 1750 thu]
414 1710 566 1748 Priscus,
590 1710 680 1750 apud
704 1710 842 1741 Suidam

145 1759 180 1790 in
219 1769 301 1791 voce
338 1758 504 1801 Χάρυβδις·
550 1760 684 1800 Ἐκεῖσε,
722 1760 846 1799 inquit,

143 1808 321 1848 Ὀδυσσεὺς,
334 1808 452 1842 πάντας
460 1809 532 1841 τοὺς
544 1810 680 1852 ἑταίρους
692 1811 772 1850 μετὰ
782 1812 845 1842 τῶν

143 1859 260 1890 πλοίων
275 1860 453 1898 ὑποβαλὼν,
479 1860 572 1892 αὐτὸς
591 1861 683 1900 μόνος
703 1863 845 1900 περικαθ-

143 1909 213 1941 {aas
235 1909 333 1940 σανίδι
357 1910 391 1941 ἐν
413 1912 480 1942 τοῖς
501 1909 628 1950 ῥεύμασι
648 1911 706 1948 τῆς
727 1908 844 1941 θαλάσ-

143 1971 204 1999 σης
218 1960 357 2002 ἐφέρετο.
399 1963 516 1994 Τοῦτον
527 1962 695 2004 ἑωρακότες
709 1960 844 1993 Φοίνικές

142 2022 226 2043 τινες
241 2011 275 2042 ἐν
289 2013 355 2044 τοῖς
370 2011 456 2043 ὕδασι
470 2011 609 2044 πλέοντα
631 2011 844 2049 ἀναλαβόντες

141 2060 266 2100 ἤγαγον
281 2061 314 2093 ἐν
330 2061 434 2104 Κρήτῃ
448 2062 521 2103 πρὸς
540 2061 694 2102 Ἰδομενέα
714 2061 841 2101 γυμνόν.

144 2111 154 2128 ‘
169 2111 268 2150 Illic‚'
284 2112 315 2142 in
330 2112 512 2154 Charybdi,
527 2114 536 2131 ‘
550 2112 843 2154 Ulysses‚amissis

145 2162 246 2192 sociis
262 2161 414 2193 omnibus
426 2173 492 2194 una
503 2172 579 2194 cum
592 2163 675 2204 ipsis
689 2162 845 2202 navibus,

144 2212 272 2248 tabulae
296 2213 385 2243 solus
406 2214 550 2244 insidens
566 2214 668 2245 maris
682 2212 844 2245 fluctibus

143 2262 333 2294 ferebatur.
377 2264 478 2295 Hunc
491 2264 672 2295 Phoenices
691 2263 843 2305 quidam,

144 2313 178 2343 in
207 2313 302 2353 aquis
326 2314 540 2354 navigantem
563 2315 765 2355 conspicati,
791 2323 843 2345 re-

144 2367 282 2403 ceptum
307 2364 444 2395 Cretam
470 2364 511 2395 ad
535 2364 757 2395 Idomeneum
782 2373 843 2394 nu-

143 2413 223 2444 dum
240 2413 477 2446 deduxerunt.¹
514 2416 623 2455 Supra
637 2419 750 2446 tamen
768 2424 844 2446 nos-

144 2468 198 2495 ter
212 2465 344 2503 retulit,
360 2465 516 2506 Ulyssem
533 2466 671 2498 Cretam
692 2466 842 2506 appulis-

143 2523 180 2544 se
195 2515 338 2546 navibus
355 2516 565 2554 Phoenicum,
581 2526 657 2547 cum
674 2516 747 2557 ipse
764 2525 841 2547 suas

143 2574 207 2606 per
222 2565 287 2597 vim
303 2566 494 2598 Telamonis
511 2567 672 2598 amiserit.

185 2619 200 2635 Θ
222 2614 274 2646 Aa
289 2615 452 2648 Alcinoum
461 2627 565 2657 regem
579 2615 762 2656 Phaeacum]
786 2613 841 2646 Ad

144 2663 330 2705 Corcyram
366 2667 470 2707 Epiro
502 2667 717 2707 objacentem
752 2666 842 2696 insu-

144 2713 232 2744 lam:
266 2715 341 2755 ejus
366 2716 483 2756 populi
508 2717 657 2747 Pttaeaces
682 2715 778 2754 dicti,
807 2713 842 2744 id

144 2768 210 2802 est,
240 2765 439 2803 eminentes,
469 2767 511 2797 ab
540 2765 686 2797 Arabico
713 2764 841 2796 Phaik:

145 2814 314 2854 quomodo
338 2815 476 2855 dicitur,
490 2816 548 2857 qui
572 2817 625 2846 vel
649 2815 769 2855 opibus
788 2815 841 2845 vel

145 2863 322 2904 dignitate,
346 2866 400 2896 vel
427 2865 607 2897 virtutibus
629 2875 731 2906 super
758 2864 841 2896 alios

898 1260 1040 1291 eminet.
1085 1258 1185 1292 Quod
1223 1257 1426 1290 Phaeacibus
1469 1257 1600 1298 optime

898 1309 1065 1348 congruit,
1092 1318 1176 1350 quos
1206 1313 1347 1349 propter
1377 1308 1599 1348 opulentiam.

897 1358 1109 1398 industriam,
1127 1364 1161 1390 et
1179 1359 1390 1397 comitatem,
1406 1363 1442 1389 et
1467 1357 1600 1398 reliqua

898 1414 966 1440 tam
983 1410 1084 1440 animi
1101 1418 1200 1450 quam
1214 1408 1360 1440 fortunae
1376 1407 1598 1448 bona‚poi›3tae

896 1468 996 1498 paene
1026 1458 1068 1489 ad
1093 1459 1244 1489 Deorum
1274 1463 1397 1488 sortem
1436 1458 1600 1488 evellunt.

895 1508 995 1540 Unde
1021 1513 1085 1544 est,
1115 1508 1203 1549 quod
1235 1508 1338 1548 poeta
1363 1517 1512 1538 summus
1540 1516 1599 1537 eos

894 1559 1047 1599 appellat
1071 1557 1251 1597 ἆγχιθέους,
1274 1557 1307 1588 id
1329 1563 1393 1593 est,
1416 1556 1598 1594 εὐδαίμονας

894 1609 945 1640 καὶ
961 1608 1112 1649 ἰσοθέους,
1128 1610 1232 1640 beatas
1253 1612 1282 1640 et
1300 1608 1377 1639 Diis
1399 1609 1544 1648 (equales,
1562 1612 1599 1638 ut

894 1663 988 1691 recte
1016 1660 1265 1700 interpretatur
1291 1658 1497 1698 Hesychius,
1521 1662 1598 1698 post

895 1714 1031 1741 veteres
1062 1709 1283 1740 Scholiastes.
1320 1708 1472 1739 Bochart.
1529 1708 1599 1745 Ego

895 1760 1054 1792 existimo
1079 1760 1243 1791 Phaeaces
1260 1759 1370 1790 dictos
1392 1759 1434 1789 ab
1451 1758 1600 1789 Arabico

896 1810 1016 1847 ΡΙιαίΙο,
1033 1810 1066 1841 id
1093 1816 1160 1850 est,
1188 1810 1345 1847 eminens,·
1379 1813 1519 1850 propter
1544 1818 1598 1839 eo-

895 1869 968 1890 rum
978 1859 1076 1891 situm
1089 1870 1097 1898 ;
1112 1860 1236 1891 excelsi
1248 1860 1335 1890 enim
1350 1867 1385 1890 et
1398 1859 1599 1889 eminentes.

897 1909 973 1941 Quo
990 1910 1142 1940 allusisse
1159 1909 1337 1949 Virgilium
1356 1913 1452 1949 puto,
1469 1909 1526 1939 lib.
1543 1916 1599 1938 ιιι.

897 1961 906 1977 ‘
920 1960 1081 1991 Protinus
1097 1959 1208 1991 aerias
1226 1960 1408 1990 Phaeacum
1422 1957 1598 1989 abscondi-

898 2019 970 2041 mus
988 2008 1106 2041 arces.’

940 2059 952 2080 f
970 2060 999 2092 A
1017 2060 1192 2100 Zacyntho,
1209 2060 1280 2101 εμπ]
1315 2058 1484 2090 Homerus
1502 2057 1563 2096 ait,
1579 2067 1599 2088 a

894 2109 1064 2145 Dulichio,
1087 2110 1200 2145 Same,
1228 2108 1261 2140 id
1288 2112 1354 2146 est,
1377 2107 1599 2148 Cephalenia,

895 2159 1087 2200 Zacyntho,
1116 2163 1152 2190 et
1178 2158 1312 2189 Ithaca.
1337 2157 1405 2189 Od.
1428 2161 1465 2188 A.
1482 2156 1599 2187 ’Όσσοι

893 2212 955 2252 γὰρ
969 2210 1108 2249 νήσοισιν
1124 2208 1353 2250 ἐπικρατέουσιν
1366 2208 1498 2249 ἄριστοι,
1518 2212 1597 2239 Δου-

894 2261 988 2302 λιχίῳ
1009 2273 1057 2296 τε,
1074 2259 1159 2302 Σάμῃ
1175 2271 1221 2296 τε,
1238 2258 1289 2290 καὶ
1305 2258 1430 2296 ὑλήεντι
1445 2258 1597 2299 Ζακύνθῳ,

890 2314 898 2326 ’
906 2314 959 2344 Ηδ’
973 2312 1060 2343 ὅσσοι
1071 2311 1206 2352 κραναὴν
1215 2310 1335 2347 Ἰθάκην
1343 2308 1595 2349 κατακοιρανέου-

896 2374 938 2399 σι,
951 2362 1065 2394 Τόσσοι
1079 2360 1184 2401 μητέρ’
1197 2359 1272 2399 ἐμὴν
1283 2361 1429 2398 μνῶνται,
1444 2358 1597 2398 τρύχουσι

897 2414 930 2446 δὲ
948 2413 1042 2445 οἶκον.
1075 2416 1084 2431 ‘
1099 2414 1277 2454 Quotquot
1300 2412 1387 2443 enim
1404 2412 1521 2443 insulis
1538 2411 1597 2441 do-

896 2466 1067 2496 minantur
1082 2463 1213 2504 optimi,
1232 2462 1470 2502 Dulichioque,
1481 2461 1597 2492 Same-

896 2525 974 2557 que,
998 2519 1034 2546 et
1061 2523 1240 2545 nemorosa
1263 2512 1453 2553 Zacyntho,
1479 2511 1596 2552 Atque

896 2568 1062 2606 quotquot
1092 2572 1248 2604 asperam
1278 2562 1430 2594 Ithacam
1459 2565 1597 2602 regunt,

894 2615 962 2646 Tot
985 2617 1126 2644 matrem
1150 2622 1259 2643 meam
1282 2612 1446 2648 ambiunt,
1463 2611 1596 2643 destru-

896 2669 959 2695 unt
975 2667 1086 2694 autem
1102 2662 1262 2694 domum.'
1293 2663 1478 2693 Leucatam
1494 2665 1596 2693 vocat

897 2717 1013 2744 noster
1040 2721 1116 2753 quae
1143 2717 1197 2742 est
1212 2712 1353 2748 Leucas;
1386 2711 1464 2742 olim
1490 2711 1596 2752 Epiro

895 2762 1068 2798 continua,
1085 2761 1143 2792 sed
1161 2767 1282 2801 postea
1296 2760 1402 2792 insula
1418 2760 1522 2791 facta.

938 2817 953 2839 g
978 2813 1150 2843 Persuadet
1163 2811 1250 2852 regi]
1275 2811 1432 2843 Alcinoo.
1479 2810 1521 2842 Et
1539 2810 1593 2842 hic

896 2863 938 2894 ab
955 2862 1102 2894 Homero
1119 2862 1288 2899 dissentit,
1306 2862 1476 2894 scribente
1494 2861 1595 2903 Ulys-
