1915 3231
293 354 376 394 346
878 362 1152 394 APPENDIX.

296 465 348 506 'ld
364 466 478 507 enim
500 470 568 507 est
589 465 644 507 ad
674 478 792 507 aram
823 466 852 507 J
859 466 957 507 ovis
995 466 1192 514 Hercaei,
1214 465 1430 519 quomodo
1466 466 1541 507 alii
1576 464 1736 508 Graece

295 532 437 574 dicere
459 535 723 583 maluerunt,
745 537 794 576 ut
816 534 948 576 Ovid.
970 535 1012 575 in
1047 534 1115 575 ΙΙ).
1144 536 1157 554 ‘
1175 533 1259 575 Cui
1292 533 1399 574 nihil
1429 533 1604 586 Hercaei
1638 545 1736 587 pro-

292 598 378 641 fuit
408 613 483 642 ara
512 600 541 642 J
545 599 671 642 ovis.’
700 601 864 655 Hygin.
896 600 984 642 fab.
1005 601 1075 643 91.
1107 603 1119 622 ‘
1136 600 1248 642 Pars
1269 601 1312 641 in
1333 613 1452 642 aram
1467 600 1497 642 J
1501 602 1597 642 ovis
1620 601 1736 641 Her-

292 667 375 707 caei
394 667 587 710 insiluit.’
646 667 809 709 Festus
826 681 835 709 :
858 670 870 688 ‘
889 668 1108 710 Hercaeus
1128 668 1307 721 Jupiter
1333 668 1450 708 intra
1469 671 1732 720 conseptum

294 733 453 776 domus
474 735 690 789 cujusque
709 735 951 784 colebatur,
986 747 1115 787 quem
1141 741 1184 775 et
1204 734 1350 774 Deum
1370 733 1634 787 penetralem
1658 745 1738 786 ap·

292 800 541 853 pellabant.'
599 801 778 842 Servius
817 803 861 842 in
895 802 998 842 AEn.
1032 812 1083 841 11.
1115 800 1329 853 ‘Singula
1362 800 1521 841 domus
1560 803 1736 840 sacrata

293 871 398 907 sunt
419 867 534 918 Diis,
555 873 604 909 ut
625 868 782 910 Culina
804 869 904 910 Diis
933 869 1181 923 penatibUS‚
1215 868 1448 915 MacerieS,
1477 879 1577 920 quae
1599 865 1736 907 ambit

292 933 479 985 domum,
512 934 705 976 Hercaeo
734 934 867 976 Jovi.’
925 935 1081 988 Itaque
1113 935 1220 975 nihil
1247 934 1471 975 Mercerus
1499 933 1603 986 egit,
1635 945 1735 974 cum

291 1001 489 1053 probatae
521 1001 775 1043 Latinitatis
805 1002 977 1043 laudem
1013 1002 1114 1043 huic
1150 1001 1371 1042 Historiae
1407 1000 1623 1042 sententia
1650 1012 1736 1040 sua

292 1067 536 1119 abrogavit,
553 1068 758 1121 ultroque
779 1068 964 1121 gratiam
984 1068 1079 1122 ejus
1098 1067 1404 1109 emendatione
1416 1068 1613 1108 meritam
1629 1066 1736 1108 effu-

290 1133 354 1174 dit
369 1146 380 1174 :
395 1134 472 1187 qui
492 1146 581 1175 non
599 1135 741 1175 minus
761 1134 805 1175 in
824 1147 877 1176 eo
895 1135 1200 1185 hallucinatur,
1211 1134 1330 1189 quod
1352 1147 1451 1176 cum
1463 1134 1577 1174 libro
1592 1133 1734 1186 primo

289 1201 638 1242 membranarum
673 1214 851 1242 suarum
883 1201 970 1242 fide
1003 1202 1069 1243 sic
1102 1202 1337 1243 edidisset:
1369 1199 1656 1241 ‘Podalirius
1691 1206 1736 1242 et

291 1265 514 1309 Machaon
545 1267 812 1321 AEsculapio
844 1268 996 1321 geniti,
1028 1269 1160 1310 acciti
1190 1268 1246 1309 ad
1269 1269 1314 1309 id
1334 1268 1498 1309 bellum
1519 1268 1578 1309 ob
1599 1267 1735 1308 soler-

289 1334 397 1375 tiam
429 1335 662 1376 medicinae
693 1335 801 1376 artis
819 1334 849 1376 :²
881 1335 1124 1384 annotavit,
1157 1338 1169 1356 ‘
1188 1334 1459 1377 Medicinam
1482 1339 1622 1376 artem
1642 1334 1735 1375 dic.-

289 1406 383 1442 tum
404 1414 516 1452 esse,
547 1406 597 1443 ut
627 1406 785 1442 terram
814 1402 1002 1452 Italiam,
1023 1402 1249 1443 mulierem
1270 1401 1554 1451 meretricem,
1575 1401 1735 1444 Senec-

288 1472 379 1509 tam
408 1469 612 1509 aetatem.'
690 1469 930 1523 Perperam
962 1469 1137 1511 scilicet
1173 1469 1459 1519 Medicinam,
1490 1473 1733 1519 senectam,

288 1538 331 1576 et
352 1534 642 1585 Meretricem,
662 1536 843 1590 perinde
862 1541 914 1578 ut
935 1537 1129 1587 Italiam,
1149 1537 1326 1578 nomina
1346 1536 1622 1578 substantiva
1637 1548 1735 1577 esse

288 1602 483 1643 credidit.
506 1602 624 1644 Nam
635 1607 836 1645 senectus
850 1605 1133 1658 participium
1144 1617 1259 1654 esse,
1269 1604 1473 1657 idemque
1486 1602 1734 1656 significare

291 1669 410 1722 quod
443 1671 459 1708 ὁ
488 1669 673 1724 γηράσας,
705 1671 962 1713 Priscianus
991 1676 1186 1713 veterum
1219 1671 1481 1713 auctoritate
1501 1670 1612 1711 satis
1633 1681 1733 1722 pro-

285 1735 423 1776 bavit.
481 1736 699 1777 Dicebant
732 1737 932 1778 nimirum
971 1742 1173 1779 senectus
1209 1738 1289 1788 vir,
1325 1741 1504 1779 senecta
1538 1736 1732 1786 foemina,

288 1806 513 1843 senectum
546 1815 735 1856 corpus:
767 1804 961 1857 adeoque
993 1805 1166 1858 quoties
1202 1804 1440 1846 Senectam
1468 1816 1547 1857 pro
1577 1802 1735 1843 Senec-

286 1871 379 1909 tute
400 1868 598 1921 legimus‚
626 1869 823 1911 AEtatem
847 1870 1149 1920 subaudimus,
1171 1870 1289 1924 quod
1311 1870 1488 1924 quidem
1504 1869 1732 1910 Mercerus

285 1935 440 1976 Servio
460 1934 637 1975 credere
658 1939 824 1989 poterat
844 1937 888 1977 in
909 1937 1012 1978 AEn.
1030 1949 1083 1978 ιι.
1101 1937 1165 1978 sic
1180 1938 1372 1978 monenti
1392 1952 1401 1976 :
1432 1940 1445 1958 ‘
1461 1937 1511 1978 Si
1528 1935 1731 1977 dicamus

285 2001 493 2050 Senecta‚
527 2006 606 2041 aut
636 2001 885 2044 addendum
915 2008 1043 2051 aetas,
1074 2007 1149 2044 aut
1175 2003 1530 2056 intelligendum?
1589 2003 1731 2044 Mere-

285 2067 373 2108 trix
405 2080 491 2108 non
531 2068 663 2108 aliam
696 2069 909 2109 rationem
942 2069 1092 2120 habet,
1129 2083 1261 2123 quam
1292 2069 1507 2120 Gonitrix,
1539 2069 1731 2118 Victrix,

285 2132 447 2184 Altrix,
483 2147 582 2188 quae
613 2134 931 2188 adjectivorum
965 2136 1102 2177 instar
1134 2150 1236 2178 esse
1265 2138 1428 2177 nemini
1461 2139 1731 2191 potestesse

284 2201 477 2242 dubium.
539 2200 814 2243 Medicinam
847 2215 979 2256 porro
1012 2215 1177 2243 merum
1217 2203 1481 2257 adjectivum
1518 2216 1635 2253 esse,
1680 2209 1730 2245 ut

283 2267 387 2318 Ars,
416 2268 485 2308 vel
513 2268 718 2310 Taberna
744 2269 1047 2320 subaudiatur,
1067 2271 1287 2324 quomodo
1309 2271 1481 2312 tandem
1502 2270 1729 2312 Mercerus

284 2338 428 2375 tantus
447 2335 640 2375 literator
658 2336 857 2388 ignorare
878 2337 1054 2389 potuit?
1115 2337 1305 2390 Legerat
1332 2338 1445 2378 enim
1463 2337 1507 2378 in
1527 2336 1727 2377 Varrone

288 2413 350 2441 iv.
381 2401 434 2442 de
453 2401 628 2454 Lingua
655 2402 826 2443 Latina.
858 2402 1145 2446 ‘Artificibus
1166 2405 1362 2445 maxima
1382 2416 1516 2445 causa
1536 2404 1592 2444 ab
1615 2406 1722 2452 arte,

280 2467 326 2508 id
344 2471 428 2516 est,
452 2469 508 2509 ab
530 2472 621 2509 arte
642 2469 856 2510 medicina
875 2473 920 2511 ut
940 2470 1000 2511 sit
1019 2471 1216 2512 medicus
1237 2471 1398 2520 dictus,
1421 2483 1448 2510 a
1465 2469 1632 2511 sutrina
1650 2483 1725 2510 su-

281 2538 360 2584 tor,
381 2547 471 2575 non
491 2547 518 2575 a
537 2534 747 2577 medendo
763 2548 816 2577 ac
840 2536 1037 2579 suendo.'
1102 2537 1159 2579 Et
1180 2548 1265 2578 vn.
1287 2540 1299 2559 ‘
1320 2537 1537 2585 Taberna,
1558 2536 1635 2576 ubi
1654 2549 1725 2577 ve-

282 2601 350 2641 nit
361 2614 481 2649 caro,
502 2601 696 2646 laniena:
719 2603 796 2643 ubi
814 2603 972 2656 pelles,
995 2605 1276 2657 pellesvena;
1298 2603 1375 2644 ubi
1392 2602 1545 2652 calcei,
1559 2603 1725 2643 sutrina

282 2667 468 2710 dicitur!
528 2669 730 2709 Donatus
761 2669 804 2709 in
830 2667 960 2712 Adel.
986 2680 1048 2712 lv.
1069 2671 1110 2712 2.
1141 2673 1154 2691 ‘
1172 2669 1358 2711 Veteres
1378 2669 1584 2710 absolute
1606 2669 1726 2711 dice-

286 2736 388 2776 bant
425 2735 669 2788 pistrinam,
701 2740 753 2776 ut
784 2737 991 2778 sutrinam
1027 2742 1070 2779 et
1100 2737 1373 2786 medicinam,
1407 2736 1463 2776 ad
1496 2735 1723 2777 tabernam

283 2802 543 2843 reserentes:
601 2802 826 2844 Charisius
869 2815 900 2843 1.
931 2807 943 2824 ‘
965 2804 1199 2846 Pistrinum
1239 2806 1392 2843 neutro
1430 2802 1603 2852 dicitur,
1643 2803 1721 2844 sed

284 2869 483 2910 Lucilius
500 2868 729 2911 foeminino
747 2871 929 2912 extulit:
954 2871 1126 2914 Media:
1149 2885 1175 2912 a
1197 2870 1400 2924 pistrina:
1424 2868 1477 2910 ad
1497 2870 1720 2911 tabernam
