1915 3231
307 344 392 385 338
807 355 1022 386 nARn'ris
1055 356 1264 387 Pnnven

298 451 440 504 jubet,
461 452 646 504 imperat
668 453 713 491 ut
732 452 954 504 perquirat
974 465 1070 494 eam
1091 457 1134 494 et
1153 452 1358 495 adducat.
1418 454 1466 495 Is
1488 454 1543 495 ad
1564 454 1751 497 AEneam

307 517 439 565 venit,
460 522 503 557 et
524 517 777 569 diligentius
798 518 1033 571 perquirit:
1062 524 1197 573 utque
1219 521 1406 573 primum
1429 520 1586 574 Argivi
1618 521 1751 575 profi-

305 584 538 633 ciscantur,
580 583 871 637 Polyxenam,
905 590 955 625 ut
988 585 1296 628 absconditam
1329 587 1507 636 invenit,
1543 588 1600 629 ad
1630 588 1751 641 Aga-

303 663 580 692 memnonem
602 650 798 692 adducit.
859 651 1164 704 Agamemnon
1198 653 1502 708 Neoptolemo
1523 655 1644 696 illam
1665 659 1752 697 tra-

302 719 390 760 dit:
406 723 425 749 4
453 718 582 772 isque
603 730 701 760 eam
724 718 780 759 ad
802 718 1018 760 tumulum
1038 720 1178 773 patris
1191 720 1384 774 jugulat.
1444 721 1749 775 Agamemnon

299 787 437 827 iratus
455 785 609 826 AEneae
626 784 745 838 quod
760 784 1037 838 Polyxenam
1059 787 1364 838 absconderat,
1379 801 1480 829 cum
1502 788 1595 829 suis
1613 788 1751 842 proti-

297 866 379 893 nus
399 851 545 905 patria
567 851 783 892 excedere
796 850 962 905 jubet.y
1019 853 1191 895 AEneas
1213 867 1312 896 cum
1334 855 1427 897 suis
1449 855 1653 896 omnibus
1669 868 1746 896 na—

295 919 427 959 vibus
448 918 756 972 proficiscitur,
776 918 992 960 Antenori
1024 923 1183 962 terram
1213 921 1374 962 tradit.z
1432 921 1743 974 Agamemnon

294 990 533 1039 postquam
554 984 782 1038 profectus
802 990 886 1035 est,
906 985 1098 1036 Helena,
1119 990 1221 1040 post
1241 988 1415 1042 aliquot
1437 989 1548 1038 dies,
1581 993 1745 1030 moesta

293 1053 436 1104 magis
450 1058 466 1074 ³
486 1065 620 1106 quam
644 1051 823 1101 alacris,
845 1050 1023 1092 domum
1044 1057 1292 1106 reportatur
1310 1065 1411 1094 cum
1428 1066 1510 1095 suo
1525 1053 1745 1096 Menelao.

293 1118 497 1160 Helenus
518 1131 615 1159 cum
639 1118 852 1168 Hecuba,
881 1117 1204 1168 Andromacha,
1235 1123 1280 1161 et
1302 1119 1585 1162 Cassandrab
1614 1118 1748 1161 Cher-

291 1197 500 1227 sonesum
521 1188 688 1238 petunt.
748 1182 859 1238 [44.]
881 1184 1114 1226 Hactenus
1136 1185 1308 1227 Daresc
1330 1186 1548 1240 Phrygius
1568 1185 1743 1229 Graecis

289 1252 428 1292 literis
459 1252 712 1294 mandavit:
744 1264 847 1293 nam
880 1251 920 1292 is
955 1251 1116 1292 ibidem
1154 1264 1253 1293 cum
1285 1252 1517 1295 Antenoris
1550 1252 1743 1295 factione

288 1317 528 1360 remansit.d
603 1319 855 1372 Pugnatum
876 1321 941 1359 est
960 1318 1085 1359 annis
1108 1328 1158 1359 X.
1193 1320 1421 1361 mensibus
1444 1331 1551 1361 vm.
1580 1320 1742 1362 diebus

291 1389 400 1424 xil.e
431 1385 488 1426 ad
508 1385 687 1439 Trojam
708 1387 882 1426 ruerunt
899 1397 956 1425 ex
978 1383 1173 1437 Argivis,
1195 1385 1312 1426 sicut
1330 1390 1435 1427 acta
1458 1386 1615 1427 diurna
1632 1386 1744 1427 indi-

287 1454 402 1502 cant,
423 1465 525 1505 quae
543 1452 685 1494 Dares
707 1451 922 1507 Phrygius
939 1450 1188 1506 descripsit,
1211 1463 1402 1494 Dcccvl.
1422 1453 1560 1495 millia
1576 1450 1589 1475 f
1605 1452 1743 1495 homi-

893 1578 1113 1592 OO‘OO‘O‘lOO

327 1658 346 1685 4
376 1656 533 1697 Tradidit,
551 1661 587 1688 ut
605 1666 681 1688 mox
698 1662 774 1698 post
790 1656 945 1689 Antenori
960 1661 1088 1695 terram.
1104 1658 1138 1690 in
1158 1658 1281 1700 Delph.
1298 1658 1433 1699 legitur.

936 1764 1077 1796 NOTAE

324 1845 338 1865 y
366 1839 477 1870 Patria
491 1839 750 1880 excederejubet]
773 1838 884 1871 Aliter
900 1839 983 1871 Dic-

281 1893 348 1929 tys,
363 1889 421 1930 qui
437 1889 556 1920 scribit
573 1889 708 1920 AEneam
730 1889 819 1930 apud
843 1889 981 1930 Trojam

280 1937 464 1977 mansisse3
479 1939 537 1969 sed
553 1938 676 1970 deinde
694 1948 755 1979 per
770 1938 979 1971 Antenorem

279 1993 436 2020 exactum
453 1987 569 2019 fnisse.
613 1988 713 2018 Illum
730 1988 798 2020 adi.

322 2044 334 2058 2
358 2037 512 2069 Antenori
541 2041 656 2068 terram
684 2037 784 2068 tradit
813 2036 980 2078 [tradidit]

278 2088 369 2119 Vide
399 2092 519 2119 notata
539 2088 629 2128 apud
652 2087 792 2128 Dictyn‚
815 2087 874 2119 lib.
901 2098 934 2119 v.
960 2090 976 2129 ξ

281 2140 333 2169 17.

321 2192 336 2208 ²
359 2188 473 2219 Moesta
489 2188 605 2228 magis]
634 2187 771 2228 Quippe
788 2197 862 2228 quae
879 2188 974 2220 dere-

278 2238 368 2269 lictae
385 2237 501 2269 domus
517 2237 677 2268 invidiam
695 2237 848 2268 timebat.

318 2287 332 2308 b
358 2287 494 2318 Helenus
505 2298 573 2318 cum
591 2287 730 2327 Hecuba,
746 2286 975 2327 Andromacha,

276 2341 306 2368 et
324 2336 517 2376 Cassandra]
557 2336 612 2368 Ab
640 2337 713 2367 aliis
737 2336 896 2368 dissentit
915 2338 973 2378 qui

276 2386 431 2418 scribunt
448 2387 619 2418 Helenum
641 2390 678 2418 et
701 2386 973 2419 Andromacham

276 2437 503 2478 Neoptolemo
529 2437 626 2468 datos
650 2436 763 2473 fuisse,
794 2437 973 2469 Hecubam

273 2486 400 2527 Ulyssi,
420 2491 455 2518 et
476 2486 699 2518 Cassandram
716 2486 972 2527 Agamemnoni.

272 2536 361 2568 Vide
378 2535 467 2576 apud
485 2536 624 2576 Dictyn.

314 2592 327 2607 ⁰
351 2586 514 2617 Hactenus
539 2584 657 2625 Dares]
692 2585 801 2626 Igitur
823 2596 899 2628 quae
919 2595 971 2618 se-

272 2639 419 2676 quuntur
435 2635 476 2666 ab
497 2635 563 2666 alio
578 2644 678 2676 quam
695 2635 826 2667 Darete
842 2637 971 2677 scripta

270 2688 359 2715 sunt.
403 2683 512 2724 Atqui
542 2689 663 2716 auctor
690 2685 868 2726 Epistulae,
892 2696 969 2727 quae

270 2734 347 2764 liuic
363 2733 547 2765 narrationi
571 2733 805 2774 praemittitur,
822 2745 858 2767 se
884 2736 967 2768 nihil

271 2783 441 2814 addidisse
458 2784 511 2815 vel
527 2783 724 2816 diminuisse
740 2785 836 2817 dicit.

312 2831 326 2852 ⁴¹
350 2833 434 2863 Nam
453 2833 481 2863 is
501 2833 616 2864 ibidem
633 2844 703 2865 cum
724 2834 891 2866 Antenoris
896 2836 967 2875 sac·

270 2882 351 2913 tione
365 2883 528 2923 remansit]
560 2882 627 2916 Sed
645 2884 842 2916 Eustathius
860 2893 902 2916 ex
921 2884 966 2916 A-

1038 1839 1174 1870 canthio
1191 1837 1297 1869 tradit
1319 1838 1427 1878 ipsum
1443 1836 1611 1868 Daretem
1629 1841 1736 1870 trans-

1033 1887 1148 1930 fugam
1165 1888 1208 1919 ab
1227 1888 1353 1928 Uiysse
1378 1886 1482 1918 fnisse
1506 1888 1674 1928 occisum;
1697 1893 1736 1920 ut

1033 1937 1068 1969 in
1085 1937 1290 1979 praefatione
1305 1937 1436 1968 dictum
1451 1940 1514 1968 est.

1076 1992 1090 2008 θ
1113 1987 1213 2019 Annis
1241 1988 1289 2018 X.
1317 1986 1474 2018 mensibus
1503 1985 1602 2017 VIII.
1628 1987 1735 2019 diebus

1035 2038 1138 2078 XII.]
1170 2037 1238 2068 Vix
1253 2041 1350 2068 certo
1366 2035 1457 2068 tradi
1478 2036 1585 2077 possit
1600 2042 1734 2077 tempus

1029 2097 1095 2128 quo
1107 2087 1196 2127 apud
1206 2087 1341 2127 Trojam
1354 2090 1540 2127 pugnatum
1552 2091 1617 2118 est.
1639 2087 1731 2118 Illud

1028 2141 1162 2168 tantum
1185 2141 1318 2168 certum
1341 2140 1405 2175 est,
1435 2135 1568 2176 Trojam
1595 2141 1730 2177 captam

1027 2185 1132 2217 fuisse
1149 2186 1183 2217 in
1201 2185 1400 2227 plenilunio,
1415 2184 1484 2216 fine
1501 2184 1603 2224 veris,
1628 2186 1732 2225 paulo

1026 2240 1106 2267 ante
1137 2235 1332 2274 solstitium,
1365 2244 1455 2266 auno
1486 2234 1602 2266 mundi
1632 2237 1732 2268 2767.

1026 2284 1115 2316 Vide
1143 2285 1284 2325 Joseph.
1309 2284 1520 2325 Scaligerum
1544 2283 1588 2316 de
1611 2294 1728 2316 emen-

1023 2333 1164 2366 datione
1181 2340 1385 2374 temporum.

1071 2383 1084 2404 f
1103 2384 1295 2416 DCCCVI.
1318 2383 1434 2424 millia]
1466 2384 1587 2425 Neque
1613 2387 1727 2416 tamen

1028 2434 1289 2473 intelligendum
1313 2439 1365 2465 est
1389 2438 1440 2465 tot
1461 2433 1653 2465 hominibus
1669 2443 1728 2465 eo-

1027 2483 1103 2515 dem
1121 2488 1274 2525 tempore
1290 2483 1492 2516 instructum
1508 2481 1612 2515 fuisse
1628 2482 1727 2515 Grae-

1027 2542 1143 2565 corum
1159 2533 1358 2565 exercitum.
1382 2533 1435 2563 Ex
1450 2532 1623 2564 veteribus
1634 2532 1726 2564 enim

1026 2589 1160 2617 constat
1175 2594 1252 2616 eum
1267 2585 1402 2616 stetisse
1418 2593 1484 2615 non
1500 2584 1605 2615 multo
1621 2583 1725 2624 pluri-

1026 2635 1086 2667 bus
1103 2637 1241 2667 100000.
1277 2634 1497 2675 Trojanorum
1514 2643 1593 2665 vero
1605 2636 1723 2665 50000.

1022 2685 1090 2716 Sed
1130 2683 1391 2716 existimandum
1423 2688 1477 2715 est
1507 2683 1650 2715 Graecos
1687 2687 1724 2714 et

1021 2735 1183 2775 Trojanos
1212 2734 1276 2766 sibi
1306 2734 1447 2765 subinde
1479 2743 1581 2765 novas
1605 2733 1721 2774 copias

1020 2785 1194 2825 ascivisse,
1218 2789 1384 2825 pereunte
1408 2783 1516 2815 indies
1543 2783 1646 2823 priori
1662 2792 1721 2814 ex-

1021 2834 1141 2867 ercitu.
1186 2834 1277 2866 Vide
1302 2834 1522 2866 Collectanea
1544 2833 1721 2864 Meziriaci

1020 2886 1054 2918 in
1071 2885 1187 2919 Ovidii
1205 2885 1359 2928 Epistola
1376 2884 1570 2917 Hermionae
1592 2883 1721 2917 Oresti.
