1915 3231
561 666 1260 743 APPENDIX.

394 1018 884 1077 SAMUELIS
952 1017 1429 1077 ARTOPOEI

718 1174 1090 1223 PRAEFATIO

345 1321 401 1359 IN
443 1319 808 1359 ARGENTINAM
846 1318 1155 1357 EDITIONEM
1193 1317 1328 1356 ANNI
1361 1317 1476 1355 1691.

185 1616 405 1673 Dic'rYN
429 1630 739 1672 CRETENSEM
763 1628 1023 1670 exhibemus
1058 1629 1157 1679 tibi,
1190 1630 1354 1672 Lector
1390 1628 1631 1677 Benevole‚

182 1711 300 1740 nova
320 1702 439 1740 veste
461 1697 819 1746 condecoratum,
832 1696 1054 1750 talemque
1067 1709 1261 1750 prorsus,
1278 1697 1426 1750 qualis
1442 1710 1501 1737 ex
1514 1695 1633 1737 Scri—

183 1765 269 1806 niis
300 1765 482 1806 illustris
501 1765 599 1814 viri,
620 1763 807 1805 Unmol
841 1762 1122 1814 Onmmnrn,
1149 1765 1271 1818 apud
1291 1763 1634 1818 Argentoraten-

183 1845 256 1874 ses
286 1832 502 1890 Praetoris
533 1831 682 1884 Regii,
701 1829 875 1885 prodire
906 1829 1083 1882 debuit;
1127 1843 1215 1872 non
1236 1831 1506 1882 dubitantes,
1527 1829 1633 1884 quin

181 1900 298 1940 ultro
318 1899 402 1940 tibi
428 1912 525 1940 sese
556 1899 796 1952 probatura
817 1897 877 1938 sit
903 1897 1001 1939 haec
1029 1897 1182 1939 editio.
1242 1897 1355 1940 Cum
1375 1898 1492 1939 enim
1511 1896 1633 1937 Auc-

181 1970 251 2008 tor
269 1966 342 2007 hic
362 1966 551 2020 plurima
571 1966 630 2006 sit
650 1977 814 2020 passus
831 1977 858 2006 a
877 1964 1155 2006 librariorum
1176 1979 1318 2016 manu,
1332 1977 1516 2018 quorum
1530 1976 1632 2017 par-

181 2034 260 2074 tim
290 2033 462 2075 incuria
491 2033 616 2074 illum
645 2036 918 2086 corruperat,
939 2032 1101 2086 partim
1130 2033 1326 2083 inscitia,
1347 2045 1436 2073 non
1457 2030 1633 2084 capien-

180 2100 290 2141 tium
318 2099 426 2153 styli
447 2112 474 2140 a
494 2112 576 2140 suo
594 2099 765 2140 saeculo
794 2098 1066 2140 abhorrentis
1092 2101 1317 2154 antiquam
1346 2100 1631 2153 gravitatem3

179 2167 345 2208 factum
366 2166 464 2207 inde
484 2171 567 2216 est,
588 2171 639 2207 ut
659 2170 705 2206 et
724 2165 1065 2206 existimationis
1089 2166 1175 2219 ipsi
1204 2166 1366 2208 debitae
1393 2166 1631 2219 plurimum

180 2234 411 2283 amitteret,
432 2237 478 2273 et
498 2245 741 2286 paucorum
762 2232 998 2273 admodum
1024 2233 1230 2274 manibus
1257 2237 1476 2275 tereretur.
1538 2232 1631 2273 Ne-

180 2313 266 2354 que
299 2312 403 2341 vero
437 2299 526 2340 illis
560 2299 718 2347 solum,
748 2297 826 2338 sed
852 2301 897 2339 et
927 2296 1107 2340 Criticis
1137 2312 1224 2340 non
1255 2312 1411 2353 parum
1442 2302 1509 2340 est
1535 2311 1628 2340 suae

181 2366 311 2407 sortis
332 2365 454 2419 quod
487 2366 685 2418 imputet,
716 2364 795 2418 qui
825 2377 928 2405 cum
960 2364 1133 2407 Msstos
1169 2366 1360 2408 Codices
1391 2366 1627 2408 dissentire

178 2433 287 2475 inter
305 2445 354 2474 se
377 2431 761 2486 deprehenderent,
784 2444 907 2484 saepe
927 2432 1140 2474 veriorem
1167 2434 1401 2475 lectionem
1419 2434 1485 2474 illi
1506 2437 1630 2486 post-

178 2504 434 2552 posuerunt,
456 2512 588 2553 quam
617 2499 748 2552 genio
782 2499 954 2548 saeculi,
985 2513 1076 2553 quo
1105 2499 1162 2551 Q.
1191 2501 1433 2555 Septimius
1462 2500 1628 2554 Dictyn

178 2567 484 2620 interpretatus
500 2578 598 2606 esse
614 2565 789 2615 dicitur,
806 2566 1199 2608 convenientiorem
1209 2567 1488 2621 judicabant.
1523 2566 1626 2617 Quo

177 2633 318 2686 magis
337 2633 403 2673 illi
424 2631 669 2685 optandum
687 2634 793 2680 erat,
806 2634 856 2672 ut
866 2631 1081 2674 inveniret
1097 2634 1336 2675 Patronum
1354 2634 1546 2687 aliquem
1566 2645 1627 2674 ex

178 2699 361 2753 reipubl.
380 2699 587 2740 literariae
605 2698 889 2747 Proceribus,
910 2701 989 2752 qui
1005 2700 1258 2743 reformaret
1276 2701 1479 2742 habitum
1499 2713 1626 2742 orna-

177 2769 355 2819 tumque
377 2766 488 2819 ejus,
510 2770 554 2807 et
574 2766 630 2807 ab
649 2766 737 2807 hoc
758 2765 963 2817 neglectu
982 2768 1249 2810 vindicatum
1278 2769 1460 2822 pristino
1491 2768 1626 2809 nitori

179 2833 468 2886 dignitatique
494 2833 754 2874 restitueret.
814 2831 949 2882 Quod
986 2835 1162 2887 quidem
1189 2835 1252 2876 illi
1282 2835 1482 2888 contigit,
1502 2839 1626 2889 post-

180 2913 312 2953 quam
343 2899 425 2941 viri
453 2900 582 2942 istius
604 2899 780 2949 summi,
812 2911 927 2940 nunc
953 2900 1282 2944 sublimioribus
1304 2901 1467 2945 admoti
1489 2902 1622 2952 curis,
