1915 3231
745 303 898 334 scENA
934 303 1131 335 'rnorem
1602 299 1657 338 91

209 406 408 443 suaserat
433 401 656 451 Laocoon,
680 401 844 443 Priami
875 403 989 455 regis
1019 416 1074 444 ex
1094 404 1289 445 Hecuba
1309 405 1428 446 filius
1450 411 1494 447 et
1520 405 1661 460 Apol-

209 469 308 510 linis
340 469 593 523 Thymbraei
621 468 856 520 sacerdos;
886 469 1147 523 hastamque
1181 470 1224 510 in
1261 483 1361 511 eum
1398 471 1661 514 vibraverat.

210 535 378 577 Verum
395 549 481 589 quo
502 536 692 577 facinore
711 537 939 587 Minervae,
962 542 1010 579 ut
1031 538 1128 592 ejus
1150 537 1256 578 doni
1281 538 1482 587 violator,
1503 551 1663 591 provo-

210 603 331 644 cavit
352 603 486 653 iram3
518 615 616 656 quae
648 601 763 643 duos
795 603 1022 644 immensae
1052 603 1364 656 magnitudinis
1394 610 1618 657 serpentes
1641 619 1664 646 e

209 669 418 710 fluctibus
431 683 634 721 evocans,
656 669 972 724 Antiphantem
988 676 1030 713 et
1049 671 1377 724 Thymbraeum,
1394 671 1665 713 Laocoontis

210 736 341 785 filios,
360 749 468 777 mox
488 741 532 778 et
546 737 692 790 ipsum
720 738 889 779 auxilio
915 742 1226 787 accurrentem,
1241 738 1296 777 iis
1317 738 1507 778 necavit.
1538 737 1666 791 Virg.

215 814 268 844 11.
291 803 394 844 AEn.
423 803 524 845 212.
555 803 807 852 Petronius,
843 804 1031 858 Satyric.
1063 803 1134 844 49.
1167 804 1361 858 denique
1394 803 1666 857 Smyrnaeus,

212 869 255 909 in
294 870 447 911 multis
483 871 771 925 discrepans3
802 871 941 912 veluti
970 875 1013 912 et
1055 870 1275 925 Hyginus,
1312 870 1389 923 qui
1421 870 1518 911 135.
1556 870 1666 911 Fab.

212 937 381 978 mavult
415 937 664 991 Apollinem
706 945 927 992 serpentes
958 951 983 978 e
1014 938 1123 978 mari
1155 938 1459 988 summisisse3
1509 938 1668 979 iratum

213 1017 387 1057 nempe,
409 1005 524 1057 quod
558 1005 766 1063 Laocoon
795 1004 1004 1046 sacerdos
1029 1017 1218 1045 uxorem
1241 1004 1461 1055 duxisset,
1481 1004 1668 1046 liberos-

215 1083 298 1124 que
321 1084 380 1111 ex
402 1083 456 1111 ea
472 1076 771 1124 procreasset.

273 1136 474 1177 Statuam
502 1137 613 1178 hanc
634 1138 856 1191 depictam
879 1137 1034 1179 dedere
1057 1138 1278 1186 Pererius,
1300 1139 1516 1187 Dalenus,
1539 1138 1670 1192 Epis-

217 1203 390 1257 copius,
414 1203 706 1254 Audrantius,
729 1209 774 1247 et
794 1209 894 1246 ante
924 1218 1002 1246 eos
1033 1205 1172 1246 Mero.
1204 1205 1462 1256 Ravennas,
1486 1205 1671 1246 Marlia-

217 1283 315 1319 nus,
353 1270 609 1324 plurimique
640 1271 762 1313 Itali.
824 1272 1031 1313 Meminit
1061 1271 1159 1324 ejus
1194 1272 1288 1325 ipse
1325 1272 1440 1312 Plin.
1473 1271 1534 1313 H.
1559 1271 1669 1313 Nat.

219 1348 406 1378 xxxvi.
428 1339 469 1378 5.
500 1340 512 1358 ‘
534 1338 769 1390 Laocoon,'
795 1339 952 1393 inquit,
985 1342 997 1360 ‘
1017 1339 1090 1392 qui
1112 1339 1246 1380 estin
1275 1340 1367 1380 Titi
1398 1340 1671 1393 imperatoris

218 1404 365 1454 domo,
386 1417 503 1458 opus
535 1407 739 1447 omnibus
770 1411 814 1447 et
843 1407 1030 1459 picturae
1066 1409 1110 1447 et
1140 1407 1366 1447 statuariae
1390 1408 1494 1447 artis
1515 1406 1693 1460 praefe-.

220 1471 417 1511 rendum.
492 1471 563 1512 Ex
595 1485 681 1513 uno
711 1473 859 1526 lapide
889 1487 1005 1523 eum,
1044 1478 1090 1513 et
1123 1473 1304 1523 liberos,
1340 1473 1673 1526 draconumque

224 1538 451 1578 mirabiles
468 1551 623 1589 nexus,
641 1540 694 1580 de
711 1541 887 1581 consilii
904 1541 1118 1581 sententia
1137 1540 1276 1580 fecere
1297 1542 1456 1580 summi
1470 1541 1673 1589 artifices,

220 1603 489 1657 Agesander,
503 1610 549 1646 et
566 1606 834 1660 Polydorus,
849 1612 895 1647 et
920 1606 1251 1655 Athenodorus,
1270 1606 1465 1648 Rhodii.'
1524 1606 1674 1657 Quare

221 1675 266 1712 et
284 1671 413 1711 hodie
432 1685 543 1722 eam,
559 1685 583 1712 e
603 1687 814 1714 marmore
837 1674 1012 1728 quidem
1031 1673 1363 1724 candidissimo,
1382 1673 1511 1715 anxie
1529 1676 1677 1714 servat

222 1737 453 1779 Pontificis
476 1739 669 1781 Maximi
690 1740 957 1782 Vaticanum
977 1741 1247 1782 viridarium.

279 1804 421 1846 Recte
441 1810 584 1847 autem
606 1807 800 1861 Begerus
814 1808 899 1849 hoc
916 1813 1246 1849 monumentum
1269 1807 1470 1849 Maronis
1491 1818 1677 1848 exorna-

221 1871 283 1912 vit
303 1873 509 1923 carmine,
546 1874 663 1927 quod
693 1874 914 1917 funestum
947 1875 1219 1917 Laocoontis
1249 1888 1403 1917 casum
1436 1875 1501 1916 sic
1523 1873 1678 1927 depin—

223 1939 311 1992 git:

984 1998 1174 2051 Agmine
1198 2002 1320 2040 certo

337 2063 597 2105 Laocoonta
616 2067 786 2118 petunt,
806 2068 848 2107 et
865 2064 1054 2119 primum
1074 2079 1215 2119 parva
1235 2066 1417 2107 duorum

341 2131 540 2184 Corpora
560 2137 762 2173 natorum
782 2145 963 2186 serpens
980 2133 1211 2186 amplexus
1228 2137 1411 2186 uterque

341 2199 565 2252 ImpHcat,
584 2203 631 2240 et
649 2199 834 2240 miseros
855 2212 1003 2240 morsu
1023 2199 1276 2253 depascitur
1297 2203 1431 2240 artus.

338 2264 453 2305 Post
472 2265 618 2318 ipsum
640 2265 808 2306 auxilio
829 2266 1092 2306 subeuntem
1122 2278 1174 2306 ac
1195 2266 1284 2307 tela
1303 2266 1514 2307 ferentem

340 2330 608 2383 Corripiunt,
629 2331 848 2385 spirisque
868 2326 1006 2384 ligant
1027 2332 1280 2384 ingentibus
1298 2345 1307 2372 :
1339 2337 1380 2373 et
1394 2333 1488 2386 jam

342 2397 423 2438 Bis
442 2397 635 2438 medium
657 2398 863 2451 amplexi,
884 2398 954 2439 bis
977 2398 1091 2438 collo
1107 2411 1316 2451 squamea
1339 2399 1506 2439 circum

339 2463 483 2517 Terga
504 2464 610 2514 dati,
633 2469 836 2518 superant
858 2465 1002 2518 capite
1023 2468 1066 2505 et
1086 2465 1332 2505 cervicibus
1354 2465 1469 2506 altis.

343 2530 429 2571 Ille
455 2530 588 2571 simul
607 2531 811 2571 manibus
832 2531 971 2571 tendit
991 2530 1193 2571 divellere
1214 2531 1373 2579 nodOS,

343 2596 554 2637 Perfusus
574 2597 694 2638 sanie
715 2597 847 2638 vittas
866 2600 1049 2650 atroque
1069 2609 1254 2637 veneno.

344 2661 571 2706 Clamores
593 2664 725 2706 simul
745 2663 985 2707 horrendos
1008 2663 1064 2705 ad
1086 2662 1229 2705 sidera
1242 2661 1370 2706 tollit-
