1915 3231
226 345 310 386 284
697 355 910 386 Dic'rros
943 355 1216 386 caurensis

225 448 476 502 persuadet,
498 448 565 489 uti
584 448 720 490 filium
741 449 975 490 Hectorisz
993 455 1144 491 necet:
1161 453 1351 491 ceterum
1367 448 1680 491 Andromacha

226 527 272 556 re
308 516 495 568 cognita,
516 515 716 557 instantis
752 517 943 569 periculi
968 516 1057 556 vim
1093 517 1369 570 subterfugit,
1399 517 1566 558 auxilio
1601 529 1682 569 po-

227 582 446 635 pularium
481 584 686 625 liberata:
719 583 809 637 qui,
844 584 1040 624 miserati
1069 584 1263 625 fortunas
1293 585 1404 638 ejus,
1436 585 1548 625 ultro
1580 583 1679 624 Me-

226 650 401 690 nelaum
435 651 713 692 contumeliis
745 652 983 704 prosecuti,
1017 652 1094 693 vix
1129 665 1156 692 a
1190 652 1383 704 pernicie
1413 652 1497 693 viri
1529 651 1683 692 retenti

228 721 342 757 suut.
401 717 509 771 [13.]
539 718 718 759 Interim
742 718 924 759 Orestes
956 718 1194 760 adveniens
1226 732 1314 759 rem
1342 721 1546 759 cunctam
1578 731 1683 770 cog-

228 783 389 834 noscit,
427 784 622 826 hortatur
652 785 919 835 Menelaum,
950 787 1015 826 uti
1044 790 1193 839 coepta
1222 790 1463 840 perageret,
1491 785 1681 838 ipseque

229 849 384 891 dolens
421 855 687 905 praereptum
723 852 811 893 sibi
845 866 872 893 a
903 852 1204 906 Neoptolemo
1241 852 1502 893 Hermionae
1536 852 1684 892 matri-

230 917 440 967 monium,
462 918 644 960 insidias
664 912 917 960 advenienti
939 933 1092 973 parare
1116 920 1298 973 occipit.
1359 919 1515 973 Itaque
1538 918 1683 972 primo

230 995 287 1023 ex
322 983 391 1024 his
418 997 532 1037 quos
565 998 717 1026 secum
749 986 942 1027 habebat
972 999 1104 1040 quam
1139 986 1380 1027 fidissimos
1409 985 1684 1039 speculatum

231 1048 285 1088 de
320 1049 510 1091 adventu
547 1050 829 1104 Neoptolemi
866 1052 1071 1105 Delphos
1106 1053 1250 1093 mittit.
1329 1052 1446 1102 Quis
1481 1052 1687 1105 cognitis,

232 1114 480 1167 Menelaus,
496 1118 634 1159 vitare
647 1118 955 1172 hujuscemodi
967 1120 1139 1161 facinus
1153 1121 1348 1173 cupiens,
1363 1121 1570 1173 Spartam
1583 1132 1687 1160 con-

232 1183 364 1224 cedit.
424 1183 510 1224 Sed
531 1184 613 1234 illi,
635 1186 708 1238 qui
730 1187 951 1238 praemissi
973 1191 1108 1236 erant,
1122 1188 1320 1240 regressi,
1342 1187 1687 1241 Neoptolemum

232 1249 421 1302 Delphis
457 1263 555 1291 esse
589 1256 757 1304 negant.
818 1251 966 1302 Quare
998 1257 1182 1295 coactus
1212 1254 1390 1295 Orestes
1423 1254 1519 1307 ipse
1541 1254 1597 1294 ad
1621 1254 1688 1293 in-

233 1318 516 1369 quisitionem
539 1319 620 1359 viri
643 1319 881 1372 profectus,
912 1333 998 1373 qua
1018 1320 1129 1361 ierat
1161 1321 1231 1361 die
1259 1326 1456 1369 remeat,a
1476 1325 1524 1361 ut
1544 1332 1686 1360 sermo

231 1384 455 1425 hominum
488 1385 722 1436 ferebatur,
753 1387 925 1438 negotio
957 1387 1172 1440 perfecto.
1235 1388 1351 1428 Dein
1383 1391 1486 1442 post
1516 1399 1687 1441 paucos

233 1451 328 1491 dies
350 1451 468 1492 fama
488 1452 715 1505 perfertur,
749 1453 954 1494 interisse
985 1453 1351 1508 Neoptolemum:
1382 1467 1568 1507 eumque
1602 1466 1691 1493 ser-

232 1530 359 1558 mone
380 1519 569 1560 omnium
591 1520 934 1562 circumventum
958 1522 1133 1562 insidiis
1157 1522 1326 1563 Orestis
1358 1535 1435 1576 per
1471 1520 1685 1574 populum

234 1583 561 1626 disseminatur.
622 1587 691 1628 Ita
721 1588 913 1642 juvenis,
946 1589 1023 1629 ubi
1057 1589 1111 1629 de
1135 1589 1300 1642 Pyrrho
1331 1590 1480 1643 palam
1513 1590 1593 1637 est,
1623 1599 1689 1626 re-

234 1655 362 1705 cepta
385 1652 647 1703 Hermiona,
679 1667 778 1707 quae
802 1655 888 1696 sibi
919 1660 1050 1697 antea
1081 1657 1304 1709 desponsa
1333 1661 1444 1706 erat,
1468 1655 1689 1708 Mycenas

237 1717 436 1760 discedit.
487 1719 669 1761 Interim
692 1721 856 1762 Peleus
877 1735 978 1763 cum
996 1723 1195 1772 Thetide,
1214 1723 1405 1775 cognito,
1432 1721 1604 1775 nepotis
1624 1721 1690 1760 in-

234 1786 381 1835 teritu,
419 1786 475 1826 ad
507 1787 884 1840 investigationem
914 1789 1008 1842 ejus
1028 1789 1229 1843 profecti,
1261 1792 1536 1841 cognoscunt
1558 1787 1690 1840 juve-

234 1865 335 1892 nem
356 1852 541 1906 Delphis
563 1854 817 1907 sepultum.b
848 1855 934 1905 Ibi,
955 1860 1004 1897 ut
1023 1869 1121 1896 mos
1142 1860 1247 1904 erat,
1262 1855 1388 1908 justa
1409 1854 1689 1907 persolvunt:

236 1923 597 1972 cognoscuntque
631 1920 677 1960 in
697 1921 764 1960 his
785 1921 900 1962 locis
928 1923 1144 1971 interisse,
1175 1922 1249 1962 ubi
1270 1922 1394 1962 visus
1416 1921 1597 1962 Orestes
1618 1934 1691 1961 ne-

237 1985 435 2036 gabatur.
495 1984 563 2025 Ea
591 1998 659 2025 res
689 1999 768 2039 per
802 1988 1020 2041 populum
1050 1988 1168 2028 haud
1203 1989 1393 2032 credita:
1435 1988 1546 2028 adeo
1579 2001 1691 2041 prae-

239 2055 384 2091 sumta
407 2056 510 2091 ante
533 2051 628 2104 Jam
649 2054 798 2106 opinio
830 2054 884 2095 de
907 2054 1077 2096 Orestis
1109 2055 1285 2095 insidiis
1315 2059 1573 2096 cunctorum
1597 2055 1689 2094 ani-

237 2118 320 2157 mis
360 2118 604 2158 inhaeserat.
666 2118 871 2160 Ceterum
906 2121 1076 2171 Thetis,
1118 2121 1192 2161 ubi
1214 2121 1500 2161 Hermionam
1541 2120 1690 2161 Oresti

230 2183 435 2235 junctam
457 2184 594 2234 videt,
617 2183 990 2237 Andromacham,
1020 2192 1149 2241 partu
1170 2188 1398 2241 gravidam
1414 2194 1428 2210 ⁰
1459 2201 1516 2228 ex
1538 2187 1692 2242 Neop-

893 2330 1033 2361 NOTAE

282 2404 294 2418 2
320 2398 376 2429 Uti
389 2399 498 2440 filium
515 2400 681 2442 Hectoris]
703 2402 812 2434 Immo
830 2404 941 2443 potius

241 2449 463 2488 Neoptolemi
480 2451 679 2482 Molossum.

282 2503 296 2518 ³
321 2499 391 2534 Qua
408 2499 488 2529 ierat
503 2500 554 2531 die
569 2501 702 2541 remeat]
728 2502 806 2533 Non
828 2503 942 2542 potuit

240 2556 321 2586 ergo
350 2548 502 2586 Delphos
530 2550 730 2589 pervenire3
769 2562 789 2582 a
816 2552 942 2583 Phthia

240 2597 328 2627 enim
346 2597 496 2637 Delphos
515 2608 617 2639 usque
631 2600 765 2640 longior
775 2602 829 2632 via
841 2612 940 2643 quam

239 2655 312 2686 quae
331 2646 386 2676 die
407 2656 470 2676 nno
487 2653 546 2678 ant
563 2649 672 2680 altero
687 2650 809 2682 confici
827 2657 940 2692 queat.

243 2695 296 2725 Ab
335 2696 496 2735 Euripide
534 2697 638 2737 igitur
675 2699 846 2736 dissentit,
883 2702 940 2742 qui

240 2744 357 2775 scribit
381 2745 654 2785 Neoptolemum,
672 2749 705 2778 in
725 2749 797 2789 ipso
814 2751 942 2790 templo

244 2794 427 2834 Delphico,
459 2795 500 2826 ab
529 2795 655 2828 Oreste
680 2802 716 2829 et
744 2798 819 2830 aliis
850 2801 940 2832 occi-

243 2852 327 2873 sum.

286 2893 298 2911 *¹
324 2894 519 2932 cognoscunt
529 2894 673 2932 ¹juvenem
691 2895 822 2936 Delphis
841 2901 938 2938 sepul-

994 2403 1073 2443 tum]
1089 2403 1268 2444 Euripides
1279 2403 1397 2435 scribit
1410 2404 1518 2445 ipsum
1535 2404 1691 2445 Peleum‚

994 2455 1123 2485 monitu
1145 2453 1310 2492 Thetidis,
1334 2454 1423 2492 apud
1447 2454 1598 2494 Delphos
1624 2455 1693 2486 Ne·

994 2504 1201 2544 optolemum
1219 2504 1390 2543 sepelisse.
1418 2503 1520 2543 Apud
1541 2504 1692 2544 Delphos

995 2558 1107 2585 autem
1123 2555 1291 2594 sepultum
1315 2551 1420 2584 fuisse
1442 2563 1557 2585 omnes
1576 2560 1692 2586 aucto-

995 2613 1047 2634 res
1083 2603 1232 2642 tradunt,
1262 2607 1389 2643 praeter
1419 2603 1607 2643 Hyginum,
1635 2614 1688 2644 qui

994 2652 1064 2685 sab.
1078 2655 1150 2684 123.
1165 2652 1282 2683 scribit
1299 2653 1370 2692 ejus
1387 2662 1460 2684 ossa
1476 2662 1538 2692 per
1551 2651 1693 2684 Ambra-

995 2702 1079 2733 ciam
1109 2711 1228 2742 sparsa
1252 2700 1374 2732 fuisse:
1409 2707 1445 2732 et
1472 2702 1630 2741 Ovidius,
1660 2703 1693 2733 in

995 2750 1049 2782 Ib.
1083 2752 1178 2782 ‘Nec
1205 2756 1263 2781 tua
1290 2760 1388 2790 quam
1412 2750 1535 2791 Pyrrhi
1559 2749 1693 2782 felicius

996 2810 1070 2831 ossa
1084 2802 1273 2841 quiescant,
1285 2800 1411 2838 Sparsa
1424 2809 1485 2840 per
1495 2799 1695 2832 Ambracias

994 2850 1218 2892 quaejacuere
1234 2847 1327 2879 vias.’

1037 2905 1049 2920 ⁶
1074 2901 1176 2931 Purtu
1191 2896 1372 2938 gravidam]
1412 2897 1535 2937 Pyrrhi
1561 2902 1595 2929 et
1620 2897 1689 2929 An-

1894 2160 1905 2284 s-.-⁴-§
1895 2086 1903 2127 ι’·
