1915 3231
322 271 408 313 208
796 281 1004 313 n1cTYos
1038 281 1310 313 cnm-Ensis

323 380 451 431 raptu
472 389 616 418 rerum
640 376 878 417 alienarum
899 376 1168 425 laetarentur,
1200 376 1261 416 ita
1289 376 1485 417 maxime
1505 375 1647 418 dolori
1668 388 1771 417 esse

322 444 391 484 his
413 444 486 497 qui
509 443 747 484 amiserint.
806 441 876 483 Ad
899 443 993 484 haec
1026 443 1166 483 multa
1198 442 1393 484 infausta
1427 443 1772 496 detestandaque

323 510 514 551 Helenae
536 510 786 563 imprecari,
808 509 1162 562 confirmareque,
1184 522 1233 550 se
1255 514 1391 564 capto
1425 511 1523 556 Ilio,
1556 514 1656 551 ante
1679 522 1773 549 om-

321 590 414 627 nes,
436 577 547 618 tanti
569 576 749 617 admissi
770 589 930 630 poenas
952 577 1167 629 sanguine
1180 576 1279 630 ejus
1302 581 1538 630 expetere:
1561 577 1619 618 ob
1635 588 1771 630 quam

320 645 479 698 patria,
501 643 846 697 parentibusque
868 656 1038 693 careuS,
1071 643 1325 684 Patroclum
1343 644 1490 694 etiam,
1511 642 1770 685 solitudinis

321 724 414 752 suae
433 711 636 752 levamen
656 710 913 760 maximum,
936 710 1145 751 amiserit.
1196 709 1303 763 [24]
1327 711 1444 753 Dein
1465 711 1771 752 consiliatum*

320 791 421 819 cum
454 777 722 831 supradictis
759 776 946 817 ducibus
969 777 1131 829 surgit:
1165 777 1264 831 quis
1286 778 1488 819 omnibus
1520 790 1607 819 una
1638 782 1770 830 atque

319 845 474 886 eadem
494 845 711 885 sententia
732 848 815 893 est,
837 844 1011 884 scilicet
1026 844 1093 884 uti
1110 845 1313 898 acceptis
1331 858 1432 898 quae
1452 845 1586 886 allata
1605 847 1769 893 essent,

319 925 479 964 corpus
511 912 711 952 exanime
731 911 1012 952 concederet:
1044 911 1163 965 quod
1201 911 1276 951 ubi
1312 913 1422 952 satis
1456 912 1644 965 placuit,
1680 911 1769 951 sin-

318 979 407 1031 guli
430 979 486 1019 ad
507 991 591 1019 sua
610 978 797 1018 tentoria
815 977 1057 1017 discedunt.
1109 976 1312 1030 Moxque
1334 977 1581 1031 Polyxena,
1602 978 1770 1031 ingres-

318 1059 371 1086 so
393 1044 584 1095 Achille,
604 1045 815 1085 obvoluta
834 1044 1019 1096 genibus
1040 1043 1150 1097 ejus,
1171 1047 1328 1096 sponte
1349 1044 1573 1085 servitium
1596 1044 1666 1085 sui
1686 1057 1767 1097 pro

317 1112 598 1153 absolutione
611 1111 845 1153 cadaveris
861 1110 1112 1163 pollicetur.
1136 1109 1238 1160 Quo
1253 1110 1509 1163 spectaculo
1527 1110 1638 1151 adeo
1650 1123 1768 1151 com-

315 1183 458 1219 motus
469 1178 661 1231 juvenis,
673 1181 722 1218 ut
735 1177 810 1230 qui
827 1176 1153 1217 inimicissimus
1166 1177 1222 1217 ob
1239 1180 1422 1217 mortem
1438 1177 1629 1218 Patrocli
1644 1177 1767 1218 Pria-

314 1259 388 1286 mo
409 1245 590 1299 ejusque
609 1257 744 1297 regno
766 1248 900 1293 esset,
933 1248 1023 1284 tum
1045 1243 1345 1284 recordatione
1365 1243 1502 1294 filiae‚⁹
1532 1257 1585 1284 ac
1612 1257 1766 1297 paren-

313 1313 415 1361 tis,w
443 1327 498 1354 ne
518 1313 721 1367 lacrymis
741 1311 915 1365 quidem
937 1312 1256 1364 temperaverit.
1288 1311 1445 1365 Itaque
1457 1323 1590 1351 manu
1603 1311 1765 1361 oblata,

314 1380 590 1434 Polyxenam
605 1380 747 1432 erigit,
759 1377 973 1432 praedicta
988 1377 1129 1430 prius,
1140 1377 1432 1431 mandataque
1444 1389 1551 1418 cura
1561 1377 1766 1419 Phoenici

314 1460 443 1502 super
457 1447 651 1496 Priamo,
665 1451 717 1487 ut
731 1445 1028 1487 delutaretur.¹
1063 1443 1149 1484 Sed
1163 1457 1244 1485 rex
1259 1444 1365 1485 nihil
1383 1457 1431 1485 se
1446 1444 1606 1494 luctus,
1622 1456 1764 1497 neque

311 1516 590 1568 praesentium
602 1513 880 1554 miseriarum
892 1510 1183 1561 remissurum,
1199 1512 1281 1553 ait:
1299 1515 1385 1552 tum
1395 1509 1592 1552 Achilles
1607 1510 1763 1552 confir-

311 1595 445 1632 mare,
460 1595 550 1622 non
568 1582 688 1634 prius
710 1579 872 1633 cupitis
893 1578 990 1632 ejus
1007 1579 1117 1619 satis
1137 1578 1366 1628 futurum,2
1386 1591 1518 1632 quam
1530 1582 1701 1619 mutato
1716 1578 1762 1619 in

310 1649 467 1690 melius
484 1648 652 1697 habitu,
668 1647 812 1688 cibum
829 1646 960 1687 etiam
973 1658 1121 1686 secum
1138 1651 1340 1686 sumeret.
1399 1645 1468 1686 Ita
1483 1657 1562 1686 rex
1583 1645 1760 1694 veritus,

310 1729 364 1757 ne
380 1729 481 1769 quae
503 1727 723 1757 concessa
740 1713 1002 1755 videbantur
1017 1711 1116 1765 ipse
1134 1712 1376 1753 recusando
1393 1711 1640 1765 impediret,
1657 1710 1760 1752 dein

310 1783 457 1824 omnia
471 1794 663 1836 quaeque
679 1781 999 1833 imperarentur
1014 1777 1219 1819 facienda
1235 1778 1441 1819 decrevit.
1495 1775 1603 1828 [222]
1622 1776 1760 1830 Igitur

309 1850 385 1890 ubi
404 1861 617 1891 excussus
639 1847 776 1889 comis
793 1846 955 1899 pulvis,
976 1847 1182 1898 totusque
1203 1844 1374 1885 lautus³
1408 1847 1493 1893 est,
1514 1856 1622 1884 mox
1642 1857 1669 1886 a
1682 1843 1756 1897 ju-

911 1982 1147 1996 OOON‘OOmO

307 2068 369 2096 -l
393 2065 449 2096 Sic
464 2063 614 2095 correxit
645 2061 810 2094 Obrecht.
836 2070 877 2090 ex
902 2059 997 2090 Med.
1022 2059 1122 2099 vulgo
1146 2059 1362 2097 delectaretur,
1383 2066 1482 2099 quam
1509 2057 1589 2088 lect.
1617 2056 1756 2089 exhibet

306 2108 495 2149 Delph.—2
534 2105 659 2146 Delph.
701 2104 1007 2141 satisfizctnrum.—3
1043 2101 1170 2142 Delph.
1215 2101 1369 2132 lotus.—4
1406 2100 1529 2141 Delpli.
1568 2100 1754 2132 satietas.—

957 2206 1098 2239 NOTAE

304 2291 391 2323 Qnae
415 2292 614 2330 sequuntur,
631 2295 735 2327 usque.
750 2285 791 2317 ad
808 2284 907 2316 finem
925 2293 998 2314 ora·
1052 2281 1097 2312 mi
1124 2280 1263 2311 nostro.’
1310 2281 1355 2311 Et
1377 2279 1468 2319 inde,
1490 2284 1525 2312 ut
1542 2281 1620 2311 olim
1637 2290 1655 2312 a
1672 2290 1751 2313 con·

303 2340 417 2373 tionis.
434 2348 475 2370 ea
495 2338 574 2369 milii
592 2336 750 2367 videntur
765 2336 882 2375 inepta
895 2339 931 2365 et
947 2333 999 2364 fu·

302 2389 388 2420 tilia.

345 2437 359 2451 V
382 2430 467 2461 Dein
485 2427 695 2468 consiliatum]
732 2427 773 2458 Id
790 2431 855 2466 est,
870 2426 999 2457 consul-

301 2485 386 2512 tum.
430 2480 508 2511 Non
525 2479 605 2510 mihi
623 2478 686 2510 fuit
704 2478 822 2518 religio
842 2476 998 2516 recipere

300 2530 387 2562 hanc
401 2539 520 2561 vocem
543 2529 577 2560 in
597 2533 743 2568 utroque
769 2526 997 2565 manuscripto

298 2580 487 2618 inventam,
502 2588 569 2610 non
584 2579 689 2617 magis
707 2586 806 2618 quam
821 2576 901 2607 viris
918 2576 996 2607 doc-

300 2631 358 2667 tis,
373 2631 405 2660 in
419 2630 601 2669 Caesare,1.
614 2628 712 2658 Bello
725 2627 798 2658 Civ.
816 2630 823 2643 ‘
833 2626 995 2657 Multum-

300 2690 365 2721 que
382 2689 457 2711 cum
475 2679 542 2710 suis
557 2678 752 2710 consiliandi
768 2686 870 2708 causa
886 2686 996 2707 secre-

299 2735 335 2760 to
353 2735 478 2770 praeter
495 2728 773 2760 consuetudinem
791 2727 996 2767 colloquere-

302 2779 383 2809 tur!
423 2779 523 2814 Item,
547 2780 555 2796 ‘
571 2779 642 2810 haec
662 2777 920 2808 consiliantibus
948 2777 995 2807 eis

301 2829 475 2860 nuntiatur
493 2832 673 2869 aquatores
689 2827 731 2859 ab
750 2828 901 2868 equitatu
920 2837 992 2867 pre-

1053 2332 1193 2364 sulendo
1219 2332 1358 2370 Consul,
1373 2341 1392 2362 a
1407 2331 1614 2362 consiliando
1631 2332 1749 2363 Consi-

1051 2382 1166 2413 liarius
1184 2391 1193 2420 ;
1230 2380 1319 2421 quod
1353 2380 1490 2411 verbum
1522 2380 1627 2411 habes
1657 2381 1748 2421 apud

1051 2431 1248 2463 Suetonium
1261 2435 1296 2461 et
1310 2430 1391 2461 alios
1409 2429 1626 2470 posteriores.
1658 2430 1748 2462 Item

1049 2482 1059 2499 ‘
1074 2480 1290 2515 Consiliaris,‘
1315 2479 1404 2519 apud
1430 2479 1575 2510 Paulum
1602 2479 1636 2511 J.
1658 2480 1697 2511 C.
1713 2489 1747 2511 v.

1051 2531 1094 2562 de
1112 2529 1212 2562 Offic.
1232 2529 1363 2560 Assess.
1392 2529 1526 2559 Mercer.

1093 2585 1114 2600 w
1131 2578 1427 2618 Recor‘dalz'onefilii
1439 2588 1475 2608 ac
1483 2576 1640 2617 parentis]
1657 2577 1748 2609 Hec-

1051 2630 1146 2661 toris.
1190 2628 1258 2659 Sed
1275 2637 1335 2658 cur
1356 2628 1410 2657 hic
1434 2632 1577 2667 propter
1598 2626 1746 2668 Polyxe-

1050 2688 1128 2710 nam
1155 2678 1265 2719 potius
1291 2677 1453 2708 Hectoris
1479 2681 1515 2708 et
1539 2676 1666 2708 Priami
1693 2687 1744 2708 re-

1050 2728 1209 2760 cordatur
1223 2726 1384 2762 Achilles,
1400 2736 1498 2768 quam
1511 2730 1653 2767 propter
1664 2735 1745 2758 eun·

1049 2779 1125 2809 dem
1145 2778 1338 2809 Priamum?
1357 2782 1452 2808 certe
1467 2781 1549 2816 puto
1566 2776 1744 2818 scripsisse

1047 2829 1190 2868 Dictyu,
1207 2828 1216 2844 ‘
1229 2826 1306 2858 filiae
1324 2836 1362 2858 ac
1379 2825 1551 2867 parentis!
