1915 3231
941 539 993 569 IN

460 691 898 750 DARETEM
969 694 1467 755 PHRYGIUM

721 869 1190 920 PRAEFATIO

359 1027 562 1071 ANNAE
615 1029 1023 1084 TANAQUILLI
1086 1031 1284 1075 FABRI
1352 1033 1557 1076 FILIAE.

231 1336 317 1394 UT
337 1366 376 1391 re
396 1366 485 1392 vera
503 1354 575 1393 fuit
594 1354 685 1391 olim
707 1353 844 1404 Dictys
865 1352 931 1403 qui
951 1365 1012 1390 res
1031 1353 1190 1392 Troicas
1211 1354 1459 1405 conscripsit,
1476 1355 1548 1394 fuit
1568 1357 1682 1395 etiam

230 1424 269 1455 et
290 1417 413 1455 Dares
434 1417 626 1469 Phrygius
647 1418 713 1468 qui
734 1417 941 1468 Phrygiam
964 1416 1122 1455 Iliadem
1142 1418 1246 1456 fecit.
1304 1419 1361 1456 Ac
1382 1418 1431 1456 de
1460 1418 1575 1471 Dicty
1596 1422 1682 1470 qui-

229 1480 317 1518 dem
331 1480 413 1530 jam
435 1494 506 1519 suo
526 1481 613 1519 loco
633 1481 779 1518 dictum
800 1487 883 1523 est3
915 1479 1112 1518 veniamus
1134 1481 1249 1531 igitur
1269 1481 1319 1518 ad
1341 1482 1537 1520 Daretem.
1594 1483 1683 1522 Fuit

226 1544 259 1581 is
280 1557 301 1581 e
322 1544 518 1596 Phrygia3
546 1557 678 1595 quare,
697 1544 951 1595 Trojanorum
972 1550 1101 1595 partes
1123 1552 1294 1589 secutus,
1325 1545 1484 1583 Hectori
1514 1547 1681 1585 monitor

227 1606 342 1645 datus
363 1615 436 1645 est.
494 1607 730 1645 Ptolemaeus
751 1606 1009 1657 Hephaestion
1030 1606 1096 1644 lib.
1121 1621 1151 1646 1.
1207 1609 1449 1657 Ἀντίπατρος
1469 1608 1510 1646 δέ
1529 1619 1639 1660 φησιν
1658 1613 1677 1648 ὁ

228 1670 435 1717 Ἀκάνθιος,
452 1671 599 1720 Δάρητα
617 1672 684 1720 πρὸ
703 1671 870 1722 Ὁμήρου
890 1671 1089 1719 γράψαντα
1110 1673 1175 1716 τὴν
1193 1670 1333 1709 Ἰλιάδα
1352 1674 1522 1723 μνήμονα
1545 1678 1678 1722 γενέσ-

229 1737 291 1772 θαι
303 1735 473 1784 ’Έκτορος
492 1736 581 1783 ὑπὲρ
600 1739 662 1773 τοῦ
679 1738 730 1784 μὴ
749 1737 902 1772 ἀνελεῖν
918 1734 1135 1782 Πάτροκλον
1157 1737 1301 1784 ἑταῖρον
1325 1735 1539 1786 Ἀχιλλέος.
1591 1738 1678 1776 Au-

224 1799 372 1848 tipater
400 1804 526 1836 autem
542 1797 767 1837 Acanthius
796 1797 923 1836 tradit
952 1799 1137 1836 Daretem
1155 1811 1251 1844 eum,
1273 1800 1339 1849 qui
1357 1805 1448 1837 ante
1470 1800 1677 1839 Homerum

222 1861 386 1900 Iliadem
404 1863 649 1913 conscripsit,
673 1862 850 1901 Hectoris
866 1862 1092 1900 monitorem
1099 1861 1257 1912 sactum
1264 1863 1395 1913 fuisse
1414 1875 1461 1901 ne
1482 1865 1516 1901 is
1536 1863 1676 1902 Achil-

220 1925 271 1963 lis
287 1926 430 1963 socium
451 1925 683 1963 Patroclum
707 1925 910 1964 occideret.
967 1924 1114 1963 Eadem
1145 1938 1192 1963 ex
1222 1926 1414 1964 Achantio
1445 1928 1562 1964 refert
1596 1928 1674 1966 Eu-

220 1989 339 2027 stath.
359 1988 399 2026 in
415 1988 560 2040 Odyss.
575 1987 630 2027 A.
652 1988 839 2040 additque
855 2002 902 2027 ex
923 1988 1060 2027 eodem
1080 1989 1206 2041 ipsum
1228 1989 1412 2028 Daretem
1432 1992 1674 2042 transfugam

219 2052 268 2089 ab
290 2052 432 2104 Ulysse
457 2052 580 2090 fuisse
605 2053 790 2091 occisum.
848 2051 1061 2090 Historiam
1096 2058 1225 2091 autem
1258 2053 1412 2091 Daretis
1445 2067 1517 2092 sua
1542 2055 1672 2092 adhuc

218 2120 334 2153 aetate
353 2115 541 2162 extitisse,
570 2115 705 2153 scribit
724 2114 900 2153 AElianus
921 2127 1001 2154 var.
1020 2115 1155 2153 histor.
1181 2128 1246 2154 xr.
1273 2119 1305 2153 1.
1351 2116 1440 2157 “Orc
1467 2117 1513 2164 ἦν
1544 2119 1670 2167 Ὀροιυ

215 2178 375 2227 βαντίου
407 2181 631 2228 Τροιξηνίου
651 2181 720 2226 ἔπη
745 2180 815 2229 πρὸ
843 2180 1026 2231 Ὀμήρου,
1056 2183 1100 2218 ὥς
1123 2189 1236 2229 φασιν
1255 2181 1288 2217 οἱ
1309 2181 1526 2229 Τροιὲήνιοι
1547 2184 1669 2229 λόγοι,

216 2243 359 2281 καὶτὸν
383 2242 509 2292 Φρύγα
529 2243 570 2281 δὲ
589 2243 751 2290 Δάρητα,
771 2242 812 2281 οὗ
839 2243 1004 2293 Φρυγίαν
1036 2243 1179 2281 Ἰλιάδα
1212 2245 1264 2282 ἔτι
1294 2246 1353 2282 καὶ
1385 2249 1451 2282 νῦν
1478 2247 1671 2284 ιἰποσωέο-

213 2311 332 2358 μένην
363 2306 458 2353 οἶδα,
486 2308 554 2356 πρὸ
585 2307 748 2358 Ὁμήρου
781 2309 840 2344 καὶ
869 2311 996 2345 τοῦτον
1023 2310 1200 2355 γενέσθαι
1220 2311 1390 2355 λέγουσι.
1451 2308 1669 2346 Oroebantii

217 2371 404 2410 Troezenii
429 2374 609 2421 poemata
628 2376 718 2410 ante
741 2371 949 2410 Homerum
968 2372 1198 2415 extiterunt,
1230 2376 1276 2408 ut
1299 2371 1444 2422 serunt
1467 2371 1665 2418 Troezenii,

212 2435 303 2472 item
335 2435 465 2474 Dares
503 2435 728 2486 Phrygius,
765 2440 810 2473 ut
846 2435 996 2480 dicunt,
1034 2439 1124 2472 ante
1160 2434 1366 2472 Homerum
1405 2435 1518 2480 vixit,
1555 2438 1666 2485 cujus

214 2497 439 2549 Phrygiam
474 2497 633 2537 Iliadem
663 2510 779 2550 usque
811 2500 854 2536 in
885 2498 989 2536 lmnc
1020 2497 1118 2536 diem
1137 2498 1355 2535 conservari
1373 2499 1465 2535 scio.
1522 2498 1571 2535 Et
1591 2499 1665 2537 hoe

209 2560 307 2598 illud
340 2568 413 2608 est,
443 2562 548 2612 quod
577 2561 723 2601 homini
753 2562 894 2613 nugaci
927 2568 967 2600 et
997 2562 1128 2612 inepto
1161 2561 1365 2598 consilium
1396 2561 1500 2607 fecit,
1520 2569 1562 2599 ut
1590 2564 1662 2600 sub

208 2623 312 2662 illius
344 2624 498 2663 Daretis
529 2625 697 2672 nomine,
729 2626 797 2676 qui
827 2637 1019 2675 nusquam
1048 2625 1311 2675 comparebat,
1340 2623 1511 2662 libellum
1539 2623 1661 2670 illum,

210 2699 325 2736 quem
340 2687 456 2727 hodie
475 2688 677 2736 habemus,
697 2689 737 2726 in
756 2689 883 2727 lucem
913 2688 1104 2731 mitteret;
1134 2688 1285 2738 fingens
1305 2686 1414 2724 illurn
1435 2700 1457 2725 a
1478 2688 1659 2726 Cornelio

210 2749 363 2800 Nepote
383 2751 517 2790 Latine
536 2753 782 2791 translatum.
840 2753 1056 2802 Utrumque
1087 2751 1187 2789 enim
1211 2750 1352 2788 falsum
1373 2763 1471 2797 esse,
1494 2751 1659 2802 plurima

209 2811 382 2851 vincunt.
438 2814 541 2853 Nam
573 2822 612 2853 et
641 2815 723 2866 ipse
757 2815 921 2866 scriptor
951 2817 1010 2864 <ut
1036 2814 1118 2866 jam
1139 2813 1204 2851 diu
1235 2813 1384 2852 monuit
1409 2813 1655 2853 doctissimus
