1915 3231
253 298 336 340 170
718 311 930 342 DicTYos
963 311 1235 342 CRETENsrs

253 407 367 454 sunt,
388 417 527 458 neque
548 410 710 446 conata
730 407 966 459 procedere
998 409 1174 459 queunt,
1204 404 1416 445 intentato
1436 403 1610 456 negotio
1640 404 1697 444 ad

252 472 439 512 tentoria
472 471 716 524 regreditur.
790 473 860 513 Ac
888 485 992 513 mox
1025 472 1161 512 duces
1190 470 1327 511 nostri
1357 471 1441 510 rati
1471 471 1697 524 repentino

253 549 433 578 suorum
454 537 645 578 clamore
667 539 833 578 moveri
854 537 1055 589 Ilienses,
1077 541 1120 578 et
1141 538 1198 578 ob
1219 537 1263 577 id
1284 537 1389 577 novi
1410 536 1517 590 quid
1537 537 1696 589 negotii

251 603 524 657 incepturos,
547 604 754 656 augendae
777 604 993 645 custodiae
1013 617 1166 653 causa,
1182 604 1362 644 mittunt
1381 603 1494 644 duos
1521 601 1697 656 Ajaces,

251 670 510 711 Diomedem
543 677 678 724 atque
708 671 934 724 Ulyssem,
970 671 1100 724 hique
1132 670 1241 711 inter
1272 683 1319 710 se
1349 670 1582 723 regionem,
1610 682 1697 722 qua

249 737 452 778 hostibus
475 737 618 778 aditus
639 741 742 787 erat,
765 737 1045 790 dispertiunt.
1105 737 1221 787 Quae
1244 749 1314 777 res
1335 749 1418 778 non
1439 737 1598 777 frustra
1619 749 1697 778 eos

248 804 409 845 habuit.
472 803 678 857 Namque
711 804 830 856 apud
862 803 1041 856 Trojam
1079 804 1249 845 Hector
1275 816 1456 844 causam
1488 803 1695 845 tumultus

248 883 397 912 eorum
412 871 597 924 cupidus
613 871 893 924 persciscere‚
904 870 1038 910 filium
1054 870 1261 911 Eumedis
1275 868 1527 919 Dolonem,f
1542 870 1693 911 multis

247 937 442 990 praemiis
464 938 777 990 promissisque
813 938 1044 986 illectum,g
1075 938 1129 978 ad
1162 942 1435 991 postremum
1455 939 1519 978 uti
1539 937 1695 990 explo-

246 1008 386 1044 ratum
407 1016 478 1044 res
498 1002 756 1044 Graecorum
777 1003 1066 1056 egrederetur,
1098 1005 1257 1045 mittit:
1288 1005 1416 1057 isque
1448 1017 1537 1044 non
1564 1004 1694 1057 longe

246 1083 273 1110 a
302 1071 492 1111 navibus
526 1070 680 1111 avidus
715 1070 864 1121 ignara
900 1070 1263 1122 cognoscendi,2h
1301 1071 1403 1111 dum
1436 1072 1561 1124 cupit
1594 1085 1695 1112 sus-

246 1137 366 1190 cepti
386 1137 549 1189 negotii
570 1136 698 1177 fidem
721 1137 952 1190 complere,
978 1137 1021 1177 in
1047 1149 1204 1177 manus
1225 1137 1472 1186 Diomedis,
1492 1138 1569 1192 qui
1591 1151 1694 1179 eum

243 1203 389 1244 locum
423 1216 519 1244 cum
546 1202 704 1256 Ulysse
732 1201 1035 1251 custodiebat,i
1068 1203 1271 1245 devenit:
1314 1217 1366 1245 ac
1402 1217 1506 1245 mox
1539 1205 1595 1246 ab
1624 1205 1694 1246 his

244 1270 586 1324 comprehensus
621 1271 747 1311 refert
778 1275 950 1320 cuncta,
982 1275 1113 1323 atque
1146 1271 1376 1312 occiditur.
1437 1269 1544 1325 [38]
1574 1271 1692 1312 Dein

244 1337 400 1377 diebus
422 1338 593 1390 aliquot
614 1337 659 1378 in
680 1338 773 1378 otio
796 1337 926 1386 tritis,
953 1337 1185 1391 productio
1214 1339 1441 1391 utriusque
1468 1338 1692 1379 exercitus

242 1411 538 1458 praeparatur:
580 1404 812 1457 divisoque
845 1405 957 1446 inter
987 1418 1034 1446 se
1067 1417 1244 1458 campo,
1274 1406 1348 1458 qui
1380 1405 1550 1445 medius
1583 1405 1692 1445 inter

241 1471 419 1524 Trojam
441 1474 481 1512 et
497 1484 633 1512 naves
648 1469 665 1495 ¹⁵
684 1471 932 1525 interjacet,
951 1473 1025 1512 ubi
1042 1476 1216 1526 tempus
1229 1472 1425 1512 bellandi
1447 1471 1689 1516 videbatur,

241 1550 402 1590 magna
422 1550 526 1578 cura
544 1540 770 1580 universus
791 1539 918 1579 miles
937 1540 1171 1580 instructus
1193 1540 1342 1589 armis,
1364 1539 1566 1592 utrinque
1587 1551 1689 1591 pro-

242 1604 413 1645 cedere.
474 1605 586 1645 Dein
620 1606 747 1657 signo
784 1606 900 1655 dato,
939 1605 1136 1646 densatis
1176 1606 1410 1654 frontibrm,
1446 1604 1687 1645 conflixere

242 1672 376 1721 acies,
408 1672 676 1725 composite³
710 1672 884 1714 Graecis
924 1685 977 1713 ac
1009 1672 1188 1726 singulis
1209 1685 1285 1726 per
1307 1670 1686 1713 distributionem¹

851 1789 1091 1803 eeeeeeeeeeee

241 1868 259 1896 2
275 1864 397 1906 Delph.
411 1866 629 1897 noscendi.—3
647 1866 767 1907 Delph.
781 1867 862 1898 acies
874 1866 1130 1907 campositoe.--4
1143 1866 1250 1898 Deest
1268 1866 1385 1898 vocula
1398 1876 1454 1906 que
1468 1865 1500 1897 in
1515 1866 1680 1908 Delpli.--

888 1972 1031 2004 NOTAE

985 2046 1063 2086 Jug.
1085 2046 1094 2063 ‘
1108 2046 1207 2078 More
1219 2045 1372 2076 humanae
1386 2044 1555 2086 cupidinis
1566 2044 1683 2085 ignara

238 2044 457 2085 praevertitur
473 2043 652 2076 Hebrum.’

985 2095 1140 2128 visendi!
1186 2096 1293 2127 Item:
1326 2095 1448 2126 ‘Mare
1464 2104 1619 2135 magnum
1647 2101 1684 2126 et

281 2092 292 2114 f
310 2093 428 2124 Filium
441 2094 589 2124 Eumedis
601 2094 768 2135 Dolonem]
793 2089 933 2126 Homer}

236 2143 336 2174 Iliad.
354 2147 391 2174 K.
408 2142 472 2173 ’Ἦν
486 2142 521 2174 δέ
539 2155 586 2174 τις
611 2144 644 2174 ἐν
665 2143 801 2184 Τρώεσσι
815 2145 934 2185 Δόλων,

236 2191 388 2230 Εὐμήδεος
404 2191 477 2227 υἱὸς,
496 2191 635 2232 Κήρυκας
659 2193 761 2233 θείοιο,
774 2194 932 2233 πολύχρυ-

236 2252 302 2281 σος,
317 2241 530 2281 πολύχαλκος.
548 2247 556 2259 ⁸
570 2244 652 2274 Erat
670 2249 781 2275 autem
798 2246 933 2286 quidam

234 2293 325 2324 iuter
341 2293 503 2333 Trojanos
520 2294 642 2333 Dolon,
665 2295 826 2327 Eumedis
845 2296 934 2327 filius

237 2343 411 2374 Praeconis
442 2343 560 2384 divini,
591 2344 686 2376 dives
716 2346 801 2386 auri,
838 2346 932 2377 dives

236 2392 336 2424 apris?

276 2448 292 2470 g
317 2442 431 2473 Multis
454 2442 592 2482 proemz‘is
613 2444 829 2485 promissisque
850 2445 932 2477 illec-

232 2491 315 2531 tum]
353 2491 399 2522 At
423 2491 513 2532 apud
543 2492 726 2524 Homerum
748 2495 801 2525 hic
818 2496 931 2526 Dolon

233 2551 268 2572 se
285 2542 373 2572 ultro
390 2541 529 2581 obtulit,
555 2543 724 2584 petiitque
750 2549 878 2576 tantum
896 2556 928 2576 e-

233 2601 315 2631 quos
332 2598 366 2622 et
391 2600 508 2621 currus
526 2591 692 2631 Achillis3
717 2603 831 2625 verum
856 2595 928 2635 ipse

233 2641 345 2672 Dolon
371 2647 489 2681 postea
504 2641 544 2671 ab
562 2642 683 2683 Ulysse
700 2649 735 2675 et
759 2644 928 2676 Diomede

231 2690 440 2730 interceptus
470 2691 634 2722 mentitur
663 2692 802 2724 AEneam
832 2694 926 2725 illum

232 2739 346 2770 multis
363 2739 520 2779 pollicitis
538 2739 722 2772 induxisse.

273 2788 287 2808 ¹¹
304 2789 424 2820 Avidus
436 2790 545 2828 ignara
556 2792 772 2833 cognoscendi]
790 2790 925 2832 Ignara.

233 2837 274 2869 Id
291 2843 354 2874 est,
372 2838 499 2879 ignota,
517 2838 682 2880 ignorata.
722 2841 776 2873 Ita
790 2842 927 2874 Sallust.

984 2145 1104 2186 ignara
1131 2145 1245 2185 lingua
1266 2145 1505 2176 commercium
1523 2145 1683 2185 prohibe-

983 2195 1089 2227 bant!
1139 2195 1226 2226 Item
1241 2205 1250 2226 ε
1285 2195 1294 2213 ‘
1313 2194 1491 2235 plerosque
1521 2194 1682 2225 velocitas

983 2251 1019 2278 et
1036 2246 1127 2287 regio
1143 2246 1292 2277 hostibus
1308 2246 1426 2286 ignara
1450 2249 1564 2276 tutata
1579 2245 1681 2277 sunt!

986 2297 1031 2328 Et
1051 2296 1148 2336 Vin-g.
1172 2304 1207 2326 x.
1228 2295 1304 2326 AEn.
1329 2296 1339 2313 ‘
1354 2294 1515 2334 Ignarum
1533 2295 1681 2327 Laurens

984 2345 1087 2376 habet
1100 2355 1159 2375 ora
1175 2342 1363 2376 Mimanta?
1383 2344 1522 2374 Mercer.

1026 2394 1034 2415 ί
1052 2395 1115 2431 Qui
1129 2405 1196 2426 eum
1211 2395 1309 2425 locum
1322 2403 1390 2424 cum
1407 2393 1515 2434 Ulysse
1529 2393 1680 2425 custodie-

983 2445 1049 2486 bat]
1076 2444 1126 2475 Ab
1153 2443 1305 2475 Homero
1331 2443 1386 2473 hic
1409 2443 1510 2474 etiam
1527 2442 1678 2474 diversus

981 2495 1074 2533 abit3
1096 2493 1215 2524 scribit
1231 2492 1318 2524 enim
1335 2492 1505 2523 Homerus
1523 2492 1678 2533 Ulyssem

983 2548 1019 2575 et
1033 2543 1234 2575 Diomedem
1257 2546 1377 2573 euntes
1402 2545 1441 2572 ut
1467 2545 1580 2572 castra
1604 2541 1678 2573 hos·

984 2595 1065 2625 tium
1097 2592 1368 2633 specularentur,
1405 2589 1536 2620 obviam
1565 2589 1677 2622 factos

982 2643 1121 2681 Domni,
1135 2641 1191 2682 qui
1206 2640 1247 2671 ad
1265 2640 1462 2671 Graecorum
1478 2643 1591 2671 castra
1602 2649 1677 2681 spe-

981 2693 1113 2724 culator
1128 2689 1306 2723 tendebat.

1022 2741 1036 2763 k
1061 2742 1187 2780 Campo,
1204 2742 1258 2780 qui
1275 2738 1393 2770 medius
1407 2739 1489 2769 inter
1507 2737 1630 2778 Trojam
1644 2744 1676 2770 et

978 2790 1087 2830 naves]
1112 2790 1168 2820 De
1192 2797 1311 2828 campo
1337 2787 1394 2828 qui
1418 2797 1436 2817 a
1452 2787 1553 2828 Troja
1570 2797 1675 2829 usque

981 2842 1022 2873 ad
1039 2839 1218 2872 stationem
1234 2838 1369 2869 navium
1386 2835 1463 2878 fuit,
1475 2835 1548 2869 fuse
1561 2837 1673 2870 strab.
