1915 3231
303 321 389 363 274

762 330 973 361 ch'rYos
1005 328 1279 360 CRETENSIS

305 426 475 466 animos
492 424 719 478 hospitum
737 424 794 466 ad
816 437 1009 466 amorem
1027 424 1097 465 sui
1117 422 1365 464 illicientes.
1397 420 1508 462 Inde
1523 420 1753 470 liberatus,

303 492 555 546 pervenerit
574 491 631 533 ad
651 505 749 533 eum
769 493 948 542 locum‚'‘
978 492 1023 533 in
1044 504 1134 544 quo
1155 489 1368 532 exhibitis
1389 487 1659 543 quibusdam
1682 500 1755 529 sa-

303 559 425 606 cris‚³'
453 560 600 600 futura
615 558 920 600 defunctorum
942 559 1099 599 animis
1114 563 1128 579 ²
1149 558 1506 598 dinoscerentur:
1528 559 1634 608 post
1649 566 1753 607 quae

302 626 522 679 appulsus
542 625 791 666 Sirenarum
821 625 1055 677 scopulis,a
1083 623 1176 665 ibi4
1205 636 1282 677 per
1315 619 1606 664 industriamb
1641 620 1754 661 libe-

302 698 423 732 ratus
443 691 525 732 sit:
548 690 603 732 ad
618 695 888 745 postremum
910 691 1022 731 inter
1039 690 1233 744 Scyllam
1253 694 1297 731 et
1313 687 1614 742 Charybdim‚⁰
1635 698 1755 728 mare

344 897 363 925 4
393 894 456 925 Del
461 893 517 935 ph.
533 893 599 925 ubi.

1095 817 1156 829 ΝΟ

961 987 1102 1019 NOTAE

345 1067 361 1082 ¹
384 1061 435 1093 Ad
449 1071 518 1093 eum
532 1060 646 1100 locum]
684 1061 809 1092 Lacum
827 1060 1000 1093 Avernum

299 1110 454 1150 intellige
478 1111 570 1142 circa
590 1110 705 1151 Baias,
720 1111 776 1142 ubi
803 1111 891 1142 ostia
907 1111 1001 1142 Ditis

301 1160 406 1191 fuisse
432 1160 575 1192 fabulati
594 1164 684 1191 sunt.
730 1160 931 1192 Cimmerios
947 1161 1001 1192 hic

301 1210 424 1241 statuit
445 1210 632 1249 Homerus,
657 1210 810 1252 dicitque
836 1220 896 1242 eos
923 1211 1004 1242 cali-

300 1260 379 1300 gine
395 1264 432 1291 et
456 1259 601 1291 nubibus
623 1269 758 1300 semper
784 1260 869 1301 tegi,
889 1269 1002 1301 neque

300 1310 371 1340 sole
402 1319 551 1350 unquam
581 1310 720 1350 respici.
764 1310 864 1343 Quod
892 1311 1005 1349 Virgi-

299 1359 364 1389 lius
381 1358 424 1389 ad
446 1368 623 1390 nemorum
647 1359 808 1390 tenebras
825 1364 861 1391 et
879 1360 1003 1391 halitus

300 1413 393 1440 atros
415 1408 546 1440 Averni
568 1410 662 1440 lacus
684 1410 840 1441 retulisse
857 1410 1006 1450 videtur,

299 1459 378 1489 dum
407 1460 516 1490 locum
545 1458 639 1490 illum
666 1459 844 1498 describit,
869 1459 928 1492 lib.
952 1469 1003 1491 vt.

298 1510 309 1526 ⁴
322 1509 494 1549 Spelunca
507 1509 576 1540 alta
588 1508 666 1549 fuit,
675 1515 836 1551 vastoque
853 1509 1007 1540 immanis

299 1558 578 1599 hiatu,Scrupea‚
591 1564 666 1590 tuta
677 1560 752 1590 lacu
769 1560 878 1600 nigro,
889 1569 1005 1590 nemo-

301 1617 444 1648 rumque
470 1608 634 1647 tenebris,
657 1610 766 1641 Quam
788 1618 890 1649 super
914 1608 1002 1639 haud

300 1660 379 1690 ullae
404 1662 567 1698 poterant
594 1659 731 1699 impune
749 1660 901 1690 volantes
916 1659 1001 1689 Ten-

300 1708 383 1739 dere
412 1708 479 1738 iter
508 1708 642 1748 pennis,
672 1708 748 1739 talis
779 1718 854 1739 sese
881 1708 1003 1739 halitus

300 1757 383 1788 atris
400 1756 570 1788 Faucibus
603 1757 785 1788 infundens
809 1767 933 1798 supera
958 1757 1001 1788 ad

301 1816 456 1838 convexa
478 1805 633 1837 ferebat:
660 1807 761 1838 Unde
779 1808 887 1838 locum
904 1807 1003 1838 Graii

301 1857 460 1888 dixerunt
475 1856 610 1887 nomine
625 1856 776 1887 aornon.’
808 1857 896 1888 Vide
912 1856 1005 1888 Stra-

301 1905 379 1937 bon.
397 1915 430 1936 v.

342 1961 357 1982 5
383 1954 574 1991 Quibusdam
588 1954 702 1994 sacris]
730 1954 815 1986 Quae
833 1955 1003 1987 Homerus

303 2005 479 2044 describit,
495 2005 563 2035 Od.
580 2009 616 2035 A.
632 2005 740 2036 initio.

343 2061 356 2075 ²
381 2055 607 2092 Defunctorum
623 2054 754 2096 animis]
791 2054 830 2085 Id
855 2060 922 2092 est,
939 2065 1001 2096 per

301 2107 428 2137 animas
440 2105 689 2136 defunctorum.
724 2105 891 2137 Homerus
908 2106 1005 2137 indu-

301 2155 349 2185 cit
385 2154 529 2185 auimam
559 2154 714 2194 Tiresiae,
744 2155 857 2196 Ulyssi
887 2154 1004 2187 futura

302 2204 560 2245 praedicentem.

345 2260 359 2276 ²
380 2254 564 2286 Sir-enarum
592 2254 739 2295 scopulis]
783 2254 933 2294 Servius,
961 2255 1003 2286 ad

300 2303 383 2336 illud
402 2314 437 2335 v.
454 2304 529 2335 AEn.
555 2308 565 2322 ‘
578 2304 724 2344 Jamque
741 2303 826 2334 adeo
842 2305 1001 2343 scopulos

299 2354 454 2385 Sirenum
484 2353 625 2384 inducta
654 2352 803 2391 subibat,
832 2351 1002 2383 Difficiles

303 2403 472 2443 quondam
480 2403 730 2443 multorumque
741 2401 873 2433 ossibus
882 2401 1001 2434 albos.’

301 2457 310 2471 ‘
325 2451 488 2492 Sirenes,'
519 2452 644 2493 inquit,
667 2458 677 2471 ⁴
692 2451 877 2483 secundum
899 2450 998 2483 fabu-

302 2504 382 2543 lam,
412 2507 509 2543 parte
540 2503 686 2543 virgines
716 2501 870 2539 fuerunt,
900 2507 998 2542 parte

303 2554 469 2593 volucres,
486 2551 627 2584 Acheloi
653 2550 747 2582 fluvii
768 2556 804 2582 et
828 2551 1000 2591 Calliopes

302 2603 414 2634 Musae
430 2602 522 2634 filiae.
554 2602 686 2633 Harum
700 2611 765 2633 una
778 2610 874 2639 voce,
888 2600 999 2632 altera

303 2653 410 2691 tibiis,
433 2652 498 2684 alia
523 2652 598 2693 lyra
622 2651 779 2684 canebat.
825 2651 870 2683 Et
894 2651 1002 2692 primo

297 2702 399 2742 juxta
414 2702 586 2741 Pelorum,
603 2705 681 2742 post
696 2701 730 2732 in
755 2700 940 2740 Caphareis
957 2701 1006 2731 iu·

304 2751 384 2782 sulis
401 2751 408 2764 '
424 2751 518 2792 (lego
535 2751 676 2791 Capreis
700 2750 836 2790 insulis)
850 2750 859 2767 ‘
874 2749 1004 2781 habita-

306 2806 440 2841 verunt,
470 2810 544 2842 quae
582 2801 714 2831 illectos
745 2808 805 2830 suo
835 2803 938 2830 cantu
969 2799 1003 2829 in

306 2850 482 2891 naufragia
519 2849 746 2882 deducebant.
812 2848 1004 2881 Secundum

1054 1062 1249 1098 veritatem,
1275 1061 1475 1093 meretrices
1501 1060 1653 1100 fuerunt,
1677 1069 1755 1102 quae

1054 1115 1282 1146 transeuntes,
1310 1111 1467 1152 quoniam
1495 1120 1554 1142 eos
1584 1109 1757 1141 ducebant

1055 1160 1097 1191 ad
1117 1165 1318 1201 egestatem,
1340 1160 1391 1191 his
1415 1159 1505 1191 fictae
1527 1164 1607 1191 sunt
1629 1158 1757 1190 inferre

1055 1210 1246 1251 naufragia,
1265 1210 1325 1242 has
1349 1210 1490 1252 Ulysses
1506 1208 1756 1241 contemnendo

1056 1261 1201 1292 deduxit
1221 1261 1264 1292 ad
1288 1259 1455 1292 mortem.'
1500 1259 1567 1291 Ubi
1593 1259 1650 1290 ille
1677 1268 1756 1290 con—

1057 1311 1267 1350 troversiam,
1284 1319 1359 1352 quae
1378 1309 1421 1340 de
1439 1319 1556 1340 earum
1578 1308 1646 1340 situ
1669 1317 1756 1339 sem-

1056 1371 1119 1402 per
1155 1361 1235 1402 fuit,
1270 1360 1454 1392 conciliare
1484 1358 1640 1390 tentavit.
1684 1357 1756 1389 Alii

1056 1411 1144 1442 enim
1167 1411 1301 1442 Sirenas
1323 1410 1416 1441 circa
1444 1409 1606 1440 Pelorum
1631 1407 1756 1439 Siciliae

1056 1460 1346 1499 Promontorium,
1370 1459 1426 1490 alii
1450 1459 1482 1490 in
1507 1459 1584 1490 sinu
1606 1458 1757 1489 Cumano

1055 1521 1163 1553 prope
1179 1511 1348 1552 Neapolin
1361 1510 1571 1542 statuebant.
1584 1509 1758 1540 Posterio-

1056 1572 1126 1593 rem
1144 1561 1349 1594 sententiam
1361 1561 1474 1602 potius
1487 1558 1759 1600 amplectebatur

1056 1611 1191 1651 Strabo,
1219 1611 1298 1653 quia
1327 1609 1477 1650 Neapoli
1504 1608 1758 1640 monstrabatur

1056 1666 1309 1693 monumentum
1326 1660 1580 1699 Parthenopes,
1598 1668 1674 1699 quae
1691 1667 1757 1689 una

1056 1711 1211 1742 Sirenum
1235 1709 1315 1741 fnit.
1357 1709 1468 1740 Porro
1481 1709 1675 1740 Sirenarum
1698 1716 1759 1738 no-

1054 1771 1132 1792 men
1148 1770 1241 1792 mere
1257 1761 1426 1791 Punicum
1449 1769 1525 1790 esse
1551 1758 1668 1789 docuit
1692 1758 1759 1789 Bo-

1053 1811 1205 1849 chartus,
1219 1810 1275 1851 qni
1290 1809 1384 1841 Siren
1399 1818 1557 1841 canorum
1573 1811 1758 1839 monstrum

1054 1860 1315 1900 interpretatus,
1338 1869 1357 1890 a
1383 1859 1515 1890 Punico
1538 1857 1607 1896 Sir,
1629 1857 1664 1888 id
1692 1862 1757 1892 est,

1052 1909 1229 1940 canticum:
1258 1915 1296 1940 et
1321 1908 1502 1939 verisimile
1530 1912 1583 1938 est
1606 1907 1755 1947 scopulis

1054 1958 1122 1989 illis
1147 1967 1268 1989 nomen
1294 1957 1377 1988 illud
1402 1957 1545 1988 inditum
1571 1956 1689 1994 fuisse,
1713 1956 1757 1987 ob

1055 2007 1230 2048 fragorem
1247 2017 1409 2049 aquarum
1430 2016 1507 2038 sese
1527 2006 1599 2038 illic
1615 2004 1758 2037 alliden-

1057 2057 1155 2089 tium.
1689 2086 1691 2088 .

1099 2107 1114 2128 ὓ
1141 2107 1202 2138 Ubi
1215 2117 1270 2148 per
1286 2106 1490 2146 industriam]
1513 2106 1688 2138 Sociorum
1700 2114 1757 2136 au-

1058 2166 1110 2187 res
1127 2166 1205 2188 cera
1221 2157 1405 2193 obturavit,
1421 2156 1555 2197 ipsique
1570 2165 1646 2186 eum
1671 2154 1757 2186 funi-

1057 2206 1120 2237 bus
1137 2207 1178 2237 ad
1196 2208 1321 2238 malum
1342 2207 1546 2247 ligaverunt.
1568 2205 1672 2237 Hom.
1688 2204 1758 2237 Od.

1057 2259 1099 2286 M.
1115 2256 1223 2287 initio.

1099 2310 1113 2326 ⁰
1135 2305 1273 2346 Scyllam
1295 2308 1324 2336 et
1355 2304 1561 2346 Charybdim]
1585 2304 1698 2345 Scylla
1721 2307 1759 2336 et

1055 2354 1258 2394 Charybdis,
1277 2355 1409 2395 scopuli
1428 2354 1506 2391 duo,
1530 2354 1590 2386 teli
1609 2353 1710 2395 jactu
1737 2363 1758 2384 a

1053 2414 1090 2436 se
1119 2404 1263 2435 invicem
1290 2403 1472 2435 distantes.
1498 2404 1600 2436 Hom.
1621 2403 1690 2436 od.
1715 2407 1759 2434 M.

1051 2455 1168 2495 Scylla
1189 2453 1270 2486 freti
1291 2453 1489 2485 Mamertini
1510 2452 1668 2484 dextrum
1684 2452 1756 2484 sive

1056 2503 1233 2535 occiduum
1264 2503 1352 2534 latus
1378 2506 1538 2543 occupat,
1564 2500 1754 2542 Charybdis

1054 2554 1175 2584 laevum
1201 2552 1271 2583 sive
1293 2553 1412 2583 Eoum.
1428 2551 1526 2592 Virg.
1549 2559 1607 2582 111.
1639 2553 1649 2569 ‘
1663 2551 1758 2582 Dex-

1056 2607 1146 2634 trum
1171 2602 1288 2642 Scylla
1309 2602 1409 2641 latus,
1429 2601 1551 2633 laevam
1573 2601 1758 2641 implacata

1057 2650 1267 2691 Charybdis)
1311 2651 1380 2682 Ubi
1396 2651 1472 2682 vide
1488 2651 1657 2683 Servium.
1689 2652 1757 2683 Eos

1060 2701 1219 2741 scopulos
1236 2699 1405 2731 Homerus
1429 2700 1462 2730 in
1479 2700 1648 2732 horrenda
1664 2709 1756 2732 mon-

1060 2754 1129 2782 stra
1144 2750 1326 2789 convertit,
1340 2749 1429 2791 quod
1442 2754 1555 2780 esseut
1570 2749 1756 2781 latrociniis

1061 2799 1260 2840 piratarum,
1286 2800 1342 2840 qui
1362 2808 1419 2829 eos
1434 2798 1650 2835 obsidebant,
1672 2798 1755 2830 infa-

1060 2858 1142 2880 mes.
1186 2847 1274 2880 Vide
1305 2847 1542 2889 Palaephatum
1569 2848 1603 2879 iu
1634 2847 1758 2889 Scylla.
