<?xml version="1.0" encoding="UTF-8"?>
<!DOCTYPE html PUBLIC "-//W3C//DTD XHTML 1.0 Transitional//EN"
    "http://www.w3.org/TR/xhtml1/DTD/xhtml1-transitional.dtd">
<html xmlns="http://www.w3.org/1999/xhtml" xml:lang="en" lang="en">
 <head>
  <title>
</title>
<meta http-equiv="Content-Type" content="text/html;charset=utf-8" />
  <meta name='ocr-system' content='tesseract 3.04.00' />
  <meta name='ocr-capabilities' content='ocr_page ocr_carea ocr_par ocr_line ocrx_word'/>
</head>
<body>
  <div class='ocr_page' id='page_1' title='image "./dictyscretensise01dictuoft_0183.png"; bbox 0 0 1915 3231; ppageno 0'>
   <div class='ocr_carea' id='block_1_1' title="bbox 572 282 1651 323">
    <p class='ocr_par' dir='ltr' id='par_1_1' title="bbox 572 282 1651 323">
     <span class='ocr_line' id='line_1_1' title="bbox 572 282 1651 323; baseline 0.003 -4"><span class='ocrx_word' id='word_1_1' title='bbox 572 290 633 320; x_wconf 87' lang='lat' dir='ltr'><strong>DE</strong></span> <span class='ocrx_word' id='word_1_2' title='bbox 670 290 825 320; x_wconf 70' lang='lat' dir='ltr'><strong>BELLo</strong></span> <span class='ocrx_word' id='word_1_3' title='bbox 860 289 1088 319; x_wconf 73' lang='lat' dir='ltr'><strong>TquANo</strong></span> <span class='ocrx_word' id='word_1_4' title='bbox 1125 290 1218 320; x_wconf 65' lang='grc' dir='ltr'><strong>ΜΒ.</strong></span> <span class='ocrx_word' id='word_1_5' title='bbox 1255 291 1304 322; x_wconf 76' lang='grc' dir='ltr'><strong>ιι.</strong></span> <span class='ocrx_word' id='word_1_6' title='bbox 1569 282 1651 323; x_wconf 75' lang='grc'><strong>175</strong></span> 
     </span>
    </p>
   </div>
   <div class='ocr_carea' id='block_1_2' title="bbox 186 382 1651 1639">
    <p class='ocr_par' dir='ltr' id='par_1_2' title="bbox 186 382 1651 1639">
     <span class='ocr_line' id='line_1_2' title="bbox 197 382 1650 438; baseline 0.003 -14"><span class='ocrx_word' id='word_1_7' title='bbox 197 382 483 436; x_wconf 82' lang='lat' dir='ltr'><strong>occoeperat,⁶</strong></span> <span class='ocrx_word' id='word_1_8' title='bbox 512 383 631 424; x_wconf 88' lang='lat' dir='ltr'><strong>nullo</strong></span> <span class='ocrx_word' id='word_1_9' title='bbox 650 388 900 425; x_wconf 86' lang='lat' dir='ltr'><strong>nostrorum</strong></span> <span class='ocrx_word' id='word_1_10' title='bbox 915 389 932 405; x_wconf 79' lang='lat'><strong>¹²</strong></span> <span class='ocrx_word' id='word_1_11' title='bbox 953 396 1063 425; x_wconf 83' lang='lat' dir='ltr'><strong>auso</strong></span> <span class='ocrx_word' id='word_1_12' title='bbox 1083 384 1307 426; x_wconf 84' lang='lat' dir='ltr'><strong>resistere:</strong></span> <span class='ocrx_word' id='word_1_13' title='bbox 1338 386 1412 438; x_wconf 88' lang='lat' dir='ltr'><strong>qui</strong></span> <span class='ocrx_word' id='word_1_14' title='bbox 1433 387 1565 427; x_wconf 77' lang='lat' dir='ltr'><strong>territi</strong></span> <span class='ocrx_word' id='word_1_15' title='bbox 1588 392 1650 428; x_wconf 80' lang='lat' dir='ltr'><strong>at-</strong></span> 
     </span>
     <span class='ocr_line' id='line_1_3' title="bbox 195 449 1650 504; baseline 0.002 -14"><span class='ocrx_word' id='word_1_16' title='bbox 195 462 280 502; x_wconf 90' lang='lat' dir='ltr'><strong>que</strong></span> <span class='ocrx_word' id='word_1_17' title='bbox 300 450 544 502; x_wconf 92' lang='lat' dir='ltr'><strong>improviso</strong></span> <span class='ocrx_word' id='word_1_18' title='bbox 566 451 758 492; x_wconf 85' lang='lat' dir='ltr'><strong>tumultu</strong></span> <span class='ocrx_word' id='word_1_19' title='bbox 791 463 1057 504; x_wconf 80' lang='lat' dir='ltr'><strong>exsangues,</strong></span> <span class='ocrx_word' id='word_1_20' title='bbox 1079 452 1261 503; x_wconf 81' lang='lat' dir='ltr'><strong>genibus</strong></span> <span class='ocrx_word' id='word_1_21' title='bbox 1281 449 1502 501; x_wconf 87' lang='lat' dir='ltr'><strong>Achillis,o</strong></span> <span class='ocrx_word' id='word_1_22' title='bbox 1522 454 1650 494; x_wconf 83' lang='lat' dir='ltr'><strong>auxi-</strong></span> 
     </span>
     <span class='ocr_line' id='line_1_4' title="bbox 191 516 1651 570; baseline 0.002 -14"><span class='ocrx_word' id='word_1_23' title='bbox 191 516 298 556; x_wconf 87' lang='lat' dir='ltr'><strong>lium</strong></span> <span class='ocrx_word' id='word_1_24' title='bbox 319 518 555 567; x_wconf 78' lang='lat' dir='ltr'><strong>renuentis,</strong></span> <span class='ocrx_word' id='word_1_25' title='bbox 586 522 733 559; x_wconf 82' lang='lat' dir='ltr'><strong>tamen</strong></span> <span class='ocrx_word' id='word_1_26' title='bbox 767 518 1175 558; x_wconf 77' lang='lat' dir='ltr'><strong>advolvebanturz⁷</strong></span> <span class='ocrx_word' id='word_1_27' title='bbox 1207 521 1333 558; x_wconf 85' lang='lat' dir='ltr'><strong>tanta</strong></span> <span class='ocrx_word' id='word_1_28' title='bbox 1364 523 1537 570; x_wconf 87' lang='lat' dir='ltr'><strong>repente</strong></span> <span class='ocrx_word' id='word_1_29' title='bbox 1559 532 1651 560; x_wconf 92' lang='lat' dir='ltr'><strong>mu-</strong></span> 
     </span>
     <span class='ocr_line' id='line_1_5' title="bbox 193 582 1651 638; baseline 0.003 -16"><span class='ocrx_word' id='word_1_30' title='bbox 193 582 306 623; x_wconf 84' lang='lat' dir='ltr'><strong>tatio</strong></span> <span class='ocrx_word' id='word_1_31' title='bbox 327 583 566 625; x_wconf 86' lang='lat' dir='ltr'><strong>animorum</strong></span> <span class='ocrx_word' id='word_1_32' title='bbox 593 587 852 637; x_wconf 88' lang='lat' dir='ltr'><strong>nostrosque</strong></span> <span class='ocrx_word' id='word_1_33' title='bbox 869 583 884 607; x_wconf 74' lang='lat'>⁸</span> <span class='ocrx_word' id='word_1_34' title='bbox 907 592 1041 637; x_wconf 83' lang='lat' dir='ltr'><strong>atque</strong></span> <span class='ocrx_word' id='word_1_35' title='bbox 1062 583 1209 624; x_wconf 89' lang='lat' dir='ltr'><strong>hostes</strong></span> <span class='ocrx_word' id='word_1_36' title='bbox 1229 583 1483 624; x_wconf 82' lang='lat' dir='ltr'><strong>incesserat.</strong></span> <span class='ocrx_word' id='word_1_37' title='bbox 1543 585 1651 638; x_wconf 62' lang='lat'><strong>[43]</strong></span> 
     </span>
     <span class='ocr_line' id='line_1_6' title="bbox 194 648 1648 703; baseline 0.001 -12"><span class='ocrx_word' id='word_1_38' title='bbox 194 649 367 691; x_wconf 83' lang='lat' dir='ltr'><strong>Interea</strong></span> <span class='ocrx_word' id='word_1_39' title='bbox 393 648 516 703; x_wconf 87' lang='lat' dir='ltr'><strong>Ajax</strong></span> <span class='ocrx_word' id='word_1_40' title='bbox 538 650 825 692; x_wconf 81' lang='lat' dir='ltr'><strong>Telamonius</strong></span> <span class='ocrx_word' id='word_1_41' title='bbox 858 649 1116 700; x_wconf 86' lang='lat' dir='ltr'><strong>adveniens,</strong></span> <span class='ocrx_word' id='word_1_42' title='bbox 1153 651 1330 703; x_wconf 85' lang='lat' dir='ltr'><strong>cognito</strong></span> <span class='ocrx_word' id='word_1_43' title='bbox 1363 650 1482 703; x_wconf 82' lang='lat' dir='ltr'><strong>apud</strong></span> <span class='ocrx_word' id='word_1_44' title='bbox 1510 663 1648 693; x_wconf 85' lang='lat' dir='ltr'><strong>naves</strong></span> 
     </span>
     <span class='ocr_line' id='line_1_7' title="bbox 193 715 1648 770; baseline 0.001 -13"><span class='ocrx_word' id='word_1_45' title='bbox 193 715 402 768; x_wconf 85' lang='lat' dir='ltr'><strong>Hectore,</strong></span> <span class='ocrx_word' id='word_1_46' title='bbox 423 731 581 770; x_wconf 83' lang='lat' dir='ltr'><strong>magna.</strong></span> <span class='ocrx_word' id='word_1_47' title='bbox 603 730 818 758; x_wconf 83' lang='lat' dir='ltr'><strong>armorum</strong></span> <span class='ocrx_word' id='word_1_48' title='bbox 841 717 1022 770; x_wconf 79' lang='lat' dir='ltr'><strong>speciep</strong></span> <span class='ocrx_word' id='word_1_49' title='bbox 1044 717 1207 758; x_wconf 87' lang='lat' dir='ltr'><strong>ibidem</strong></span> <span class='ocrx_word' id='word_1_50' title='bbox 1230 719 1452 770; x_wconf 83' lang='lat' dir='ltr'><strong>apparuit,</strong></span> <span class='ocrx_word' id='word_1_51' title='bbox 1476 730 1528 758; x_wconf 83' lang='lat' dir='ltr'><strong>ac</strong></span> <span class='ocrx_word' id='word_1_52' title='bbox 1550 717 1648 759; x_wconf 87' lang='lat' dir='ltr'><strong>dein</strong></span> 
     </span>
     <span class='ocr_line' id='line_1_8' title="bbox 191 784 1648 838; baseline 0 -12"><span class='ocrx_word' id='word_1_53' title='bbox 191 785 305 826; x_wconf 88' lang='lat' dir='ltr'><strong>mole</strong></span> <span class='ocrx_word' id='word_1_54' title='bbox 326 790 439 826; x_wconf 84' lang='lat' dir='ltr'><strong>sua9</strong></span> <span class='ocrx_word' id='word_1_55' title='bbox 470 797 633 838; x_wconf 87' lang='lat' dir='ltr'><strong>urgens</strong></span> <span class='ocrx_word' id='word_1_56' title='bbox 662 784 848 834; x_wconf 84' lang='lat' dir='ltr'><strong>hostem,</strong></span> <span class='ocrx_word' id='word_1_57' title='bbox 880 784 1015 825; x_wconf 91' lang='lat' dir='ltr'><strong>multo</strong></span> <span class='ocrx_word' id='word_1_58' title='bbox 1047 784 1207 825; x_wconf 88' lang='lat' dir='ltr'><strong>sudore</strong></span> <span class='ocrx_word' id='word_1_59' title='bbox 1239 784 1295 825; x_wconf 83' lang='lat' dir='ltr'><strong>ad</strong></span> <span class='ocrx_word' id='word_1_60' title='bbox 1317 790 1589 838; x_wconf 88' lang='lat' dir='ltr'><strong>postremum</strong></span> <span class='ocrx_word' id='word_1_61' title='bbox 1621 797 1648 826; x_wconf 81' lang='lat' dir='ltr'><strong>a</strong></span> 
     </span>
     <span class='ocr_line' id='line_1_9' title="bbox 189 850 1649 904; baseline 0.001 -13"><span class='ocrx_word' id='word_1_62' title='bbox 189 851 374 892; x_wconf 87' lang='lat' dir='ltr'><strong>navibus</strong></span> <span class='ocrx_word' id='word_1_63' title='bbox 389 855 517 893; x_wconf 85' lang='lat' dir='ltr'><strong>extra</strong></span> <span class='ocrx_word' id='word_1_64' title='bbox 530 851 725 893; x_wconf 66' lang='lat' dir='ltr'><strong>vallumq</strong></span> <span class='ocrx_word' id='word_1_65' title='bbox 748 851 952 892; x_wconf 86' lang='lat' dir='ltr'><strong>detrudit.</strong></span> <span class='ocrx_word' id='word_1_66' title='bbox 981 850 1098 892; x_wconf 87' lang='lat' dir='ltr'><strong>Tum</strong></span> <span class='ocrx_word' id='word_1_67' title='bbox 1113 850 1208 904; x_wconf 81' lang='lat' dir='ltr'><strong>jam</strong></span> <span class='ocrx_word' id='word_1_68' title='bbox 1231 851 1485 893; x_wconf 84' lang='lat' dir='ltr'><strong>cedentibus</strong></span> <span class='ocrx_word' id='word_1_69' title='bbox 1508 852 1649 893; x_wconf 85' lang='lat' dir='ltr'><strong>acrior</strong></span> 
     </span>
     <span class='ocr_line' id='line_1_10' title="bbox 190 917 1645 972; baseline 0.002 -14"><span class='ocrx_word' id='word_1_70' title='bbox 190 918 413 968; x_wconf 87' lang='lat' dir='ltr'><strong>insistens,</strong></span> <span class='ocrx_word' id='word_1_71' title='bbox 442 919 683 960; x_wconf 86' lang='lat' dir='ltr'><strong>Hectorem</strong></span> <span class='ocrx_word' id='word_1_72' title='bbox 714 918 788 972; x_wconf 90' lang='lat' dir='ltr'><strong>qui</strong></span> <span class='ocrx_word' id='word_1_73' title='bbox 817 917 1032 959; x_wconf 82' lang='lat' dir='ltr'><strong>adversus</strong></span> <span class='ocrx_word' id='word_1_74' title='bbox 1058 931 1156 958; x_wconf 89' lang='lat' dir='ltr'><strong>eum</strong></span> <span class='ocrx_word' id='word_1_75' title='bbox 1188 921 1414 971; x_wconf 86' lang='lat' dir='ltr'><strong>promtus¹</strong></span> <span class='ocrx_word' id='word_1_76' title='bbox 1448 922 1645 970; x_wconf 80' lang='lat' dir='ltr'><strong>steterat,</strong></span> 
     </span>
     <span class='ocr_line' id='line_1_11' title="bbox 189 985 1645 1040; baseline 0.002 -15"><span class='ocrx_word' id='word_1_77' title='bbox 189 987 325 1025; x_wconf 89' lang='lat' dir='ltr'><strong>ictum</strong></span> <span class='ocrx_word' id='word_1_78' title='bbox 357 985 537 1026; x_wconf 85' lang='lat' dir='ltr'><strong>immani</strong></span> <span class='ocrx_word' id='word_1_79' title='bbox 571 990 717 1035; x_wconf 54' lang='lat' dir='ltr'><strong>saxo:</strong></span> <span class='ocrx_word' id='word_1_80' title='bbox 756 998 809 1027; x_wconf 87' lang='lat' dir='ltr'><strong>ac</strong></span> <span class='ocrx_word' id='word_1_81' title='bbox 839 997 946 1026; x_wconf 85' lang='lat' dir='ltr'><strong>mox</strong></span> <span class='ocrx_word' id='word_1_82' title='bbox 980 989 1309 1026; x_wconf 80' lang='lat' dir='ltr'><strong>consternatum</strong></span> <span class='ocrx_word' id='word_1_83' title='bbox 1330 985 1495 1040; x_wconf 89' lang='lat' dir='ltr'><strong>dejicit.</strong></span> <span class='ocrx_word' id='word_1_84' title='bbox 1555 985 1645 1028; x_wconf 87' lang='lat' dir='ltr'><strong>Sed</strong></span> 
     </span>
     <span class='ocr_line' id='line_1_12' title="bbox 190 1051 1644 1105; baseline 0 -12"><span class='ocrx_word' id='word_1_85' title='bbox 190 1065 288 1093; x_wconf 91' lang='lat' dir='ltr'><strong>eum</strong></span> <span class='ocrx_word' id='word_1_86' title='bbox 309 1056 615 1094; x_wconf 88' lang='lat' dir='ltr'><strong>concurrentes</strong></span> <span class='ocrx_word' id='word_1_87' title='bbox 635 1051 829 1105; x_wconf 89' lang='lat' dir='ltr'><strong>undique</strong></span> <span class='ocrx_word' id='word_1_88' title='bbox 851 1052 1026 1105; x_wconf 88' lang='lat' dir='ltr'><strong>plurimi</strong></span> <span class='ocrx_word' id='word_1_89' title='bbox 1060 1051 1338 1093; x_wconf 89' lang='lat' dir='ltr'><strong>multitudine</strong></span> <span class='ocrx_word' id='word_1_90' title='bbox 1369 1065 1451 1093; x_wconf 88' lang='lat' dir='ltr'><strong>sua</strong></span> <span class='ocrx_word' id='word_1_91' title='bbox 1468 1055 1644 1102; x_wconf 89' lang='lat' dir='ltr'><strong>tectum,</strong></span> 
     </span>
     <span class='ocr_line' id='line_1_13' title="bbox 189 1117 1644 1173; baseline 0.001 -14"><span class='ocrx_word' id='word_1_92' title='bbox 189 1118 310 1159; x_wconf 89' lang='lat' dir='ltr'><strong>bello</strong></span> <span class='ocrx_word' id='word_1_93' title='bbox 332 1123 465 1172; x_wconf 81' lang='lat' dir='ltr'><strong>atque</strong></span> <span class='ocrx_word' id='word_1_94' title='bbox 486 1117 645 1172; x_wconf 87' lang='lat' dir='ltr'><strong>Ajacis</strong></span> <span class='ocrx_word' id='word_1_95' title='bbox 672 1119 876 1160; x_wconf 84' lang='lat' dir='ltr'><strong>manibus</strong></span> <span class='ocrx_word' id='word_1_96' title='bbox 908 1118 1110 1172; x_wconf 89' lang='lat' dir='ltr'><strong>eripiunt,</strong></span> <span class='ocrx_word' id='word_1_97' title='bbox 1143 1119 1500 1173; x_wconf 89' lang='lat' dir='ltr'><strong>seminecemque</strong></span> <span class='ocrx_word' id='word_1_98' title='bbox 1530 1120 1644 1161; x_wconf 81' lang='lat' dir='ltr'><strong>intra</strong></span> 
     </span>
     <span class='ocr_line' id='line_1_14' title="bbox 190 1184 1644 1239; baseline 0.001 -14"><span class='ocrx_word' id='word_1_99' title='bbox 190 1197 341 1226; x_wconf 89' lang='lat' dir='ltr'><strong>muros</strong></span> <span class='ocrx_word' id='word_1_100' title='bbox 375 1185 534 1235; x_wconf 88' lang='lat' dir='ltr'><strong>ferunt,</strong></span> <span class='ocrx_word' id='word_1_101' title='bbox 567 1185 679 1226; x_wconf 82' lang='lat' dir='ltr'><strong>male</strong></span> <span class='ocrx_word' id='word_1_102' title='bbox 714 1189 956 1239; x_wconf 81' lang='lat' dir='ltr'><strong>prospera⁵</strong></span> <span class='ocrx_word' id='word_1_103' title='bbox 991 1184 1217 1237; x_wconf 87' lang='lat' dir='ltr'><strong>eruptione</strong></span> <span class='ocrx_word' id='word_1_104' title='bbox 1250 1184 1462 1226; x_wconf 87' lang='lat' dir='ltr'><strong>adversus</strong></span> <span class='ocrx_word' id='word_1_105' title='bbox 1493 1185 1644 1227; x_wconf 90' lang='lat' dir='ltr'><strong>hostes</strong></span> 
     </span>
     <span class='ocr_line' id='line_1_15' title="bbox 189 1250 1644 1306; baseline 0.001 -14"><span class='ocrx_word' id='word_1_106' title='bbox 189 1264 333 1293; x_wconf 90' lang='lat' dir='ltr'><strong>usum.</strong></span> <span class='ocrx_word' id='word_1_107' title='bbox 393 1252 597 1293; x_wconf 89' lang='lat' dir='ltr'><strong>Ceterum</strong></span> <span class='ocrx_word' id='word_1_108' title='bbox 615 1250 740 1306; x_wconf 81' lang='lat' dir='ltr'><strong>Ajax</strong></span> <span class='ocrx_word' id='word_1_109' title='bbox 773 1252 935 1293; x_wconf 85' lang='lat' dir='ltr'><strong>saevior</strong></span> <span class='ocrx_word' id='word_1_110' title='bbox 957 1252 1015 1292; x_wconf 88' lang='lat' dir='ltr'><strong>ob</strong></span> <span class='ocrx_word' id='word_1_111' title='bbox 1045 1255 1238 1304; x_wconf 82' lang='lat' dir='ltr'><strong>ereptam</strong></span> <span class='ocrx_word' id='word_1_112' title='bbox 1267 1265 1292 1292; x_wconf 93' lang='lat' dir='ltr'><strong>e</strong></span> <span class='ocrx_word' id='word_1_113' title='bbox 1314 1252 1519 1292; x_wconf 85' lang='lat' dir='ltr'><strong>manibus</strong></span> <span class='ocrx_word' id='word_1_114' title='bbox 1550 1252 1644 1305; x_wconf 84' lang='lat' dir='ltr'><strong>glo-</strong></span> 
     </span>
     <span class='ocr_line' id='line_1_16' title="bbox 189 1317 1642 1373; baseline 0.001 -14"><span class='ocrx_word' id='word_1_115' title='bbox 189 1319 299 1360; x_wconf 84' lang='lat' dir='ltr'><strong>riam</strong></span> <span class='ocrx_word' id='word_1_116' title='bbox 321 1320 536 1361; x_wconf 80' lang='lat' dir='ltr'><strong>assumtis</strong></span> <span class='ocrx_word' id='word_1_117' title='bbox 563 1318 658 1373; x_wconf 84' lang='lat' dir='ltr'><strong>jam</strong></span> <span class='ocrx_word' id='word_1_118' title='bbox 694 1318 925 1368; x_wconf 87' lang='lat' dir='ltr'><strong>Diomede,</strong></span> <span class='ocrx_word' id='word_1_119' title='bbox 955 1322 997 1359; x_wconf 88' lang='lat' dir='ltr'><strong>et</strong></span> <span class='ocrx_word' id='word_1_120' title='bbox 1018 1330 1118 1358; x_wconf 93' lang='lat' dir='ltr'><strong>cum</strong></span> <span class='ocrx_word' id='word_1_121' title='bbox 1152 1317 1392 1359; x_wconf 91' lang='lat' dir='ltr'><strong>Idomeneo</strong></span> <span class='ocrx_word' id='word_1_122' title='bbox 1415 1317 1558 1372; x_wconf 84' lang='lat' dir='ltr'><strong>Ajace</strong></span> <span class='ocrx_word' id='word_1_123' title='bbox 1579 1320 1642 1360; x_wconf 87' lang='lat' dir='ltr'><strong>al-</strong></span> 
     </span>
     <span class='ocr_line' id='line_1_17' title="bbox 188 1384 1642 1438; baseline 0.001 -13"><span class='ocrx_word' id='word_1_124' title='bbox 188 1388 295 1435; x_wconf 89' lang='lat' dir='ltr'><strong>tero,</strong></span> <span class='ocrx_word' id='word_1_125' title='bbox 326 1386 498 1427; x_wconf 86' lang='lat' dir='ltr'><strong>territos</strong></span> <span class='ocrx_word' id='word_1_126' title='bbox 528 1386 844 1438; x_wconf 87' lang='lat' dir='ltr'><strong>dispersosque</strong></span> <span class='ocrx_word' id='word_1_127' title='bbox 879 1385 1029 1438; x_wconf 88' lang='lat' dir='ltr'><strong>sequi;</strong></span> <span class='ocrx_word' id='word_1_128' title='bbox 1073 1398 1124 1426; x_wconf 83' lang='lat' dir='ltr'><strong>ac</strong></span> <span class='ocrx_word' id='word_1_129' title='bbox 1159 1384 1374 1437; x_wconf 87' lang='lat' dir='ltr'><strong>fugientes</strong></span> <span class='ocrx_word' id='word_1_130' title='bbox 1407 1397 1519 1425; x_wconf 90' lang='lat' dir='ltr'><strong>nunc</strong></span> <span class='ocrx_word' id='word_1_131' title='bbox 1555 1385 1642 1426; x_wconf 87' lang='lat' dir='ltr'><strong>telo</strong></span> 
     </span>
     <span class='ocr_line' id='line_1_18' title="bbox 188 1451 1640 1507; baseline 0.001 -16"><span class='ocrx_word' id='word_1_132' title='bbox 188 1452 357 1493; x_wconf 89' lang='lat' dir='ltr'><strong>eminus</strong></span> <span class='ocrx_word' id='word_1_133' title='bbox 393 1457 680 1507; x_wconf 87' lang='lat' dir='ltr'><strong>prosternere,</strong></span> <span class='ocrx_word' id='word_1_134' title='bbox 728 1452 863 1494; x_wconf 92' lang='lat' dir='ltr'><strong>modo</strong></span> <span class='ocrx_word' id='word_1_135' title='bbox 908 1451 1214 1506; x_wconf 82' lang='lat' dir='ltr'><strong>apprehensos</strong></span> <span class='ocrx_word' id='word_1_136' title='bbox 1251 1452 1450 1492; x_wconf 88' lang='lat' dir='ltr'><strong>obterere</strong></span> <span class='ocrx_word' id='word_1_137' title='bbox 1492 1452 1640 1502; x_wconf 83' lang='lat' dir='ltr'><strong>armis,</strong></span> 
     </span>
     <span class='ocr_line' id='line_1_19' title="bbox 186 1517 1638 1572; baseline 0.001 -14"><span class='ocrx_word' id='word_1_138' title='bbox 186 1531 370 1571; x_wconf 86' lang='lat' dir='ltr'><strong>prorsus</strong></span> <span class='ocrx_word' id='word_1_139' title='bbox 402 1520 523 1560; x_wconf 91' lang='lat' dir='ltr'><strong>nullo</strong></span> <span class='ocrx_word' id='word_1_140' title='bbox 555 1519 634 1572; x_wconf 91' lang='lat' dir='ltr'><strong>qui</strong></span> <span class='ocrx_word' id='word_1_141' title='bbox 665 1519 710 1559; x_wconf 89' lang='lat' dir='ltr'><strong>in</strong></span> <span class='ocrx_word' id='word_1_142' title='bbox 744 1531 799 1560; x_wconf 84' lang='lat' dir='ltr'><strong>ea</strong></span> <span class='ocrx_word' id='word_1_143' title='bbox 833 1522 956 1572; x_wconf 82' lang='lat' dir='ltr'><strong>parte</strong></span> <span class='ocrx_word' id='word_1_144' title='bbox 978 1518 1121 1559; x_wconf 84' lang='lat' dir='ltr'><strong>fuerat</strong></span> <span class='ocrx_word' id='word_1_145' title='bbox 1151 1519 1333 1560; x_wconf 82' lang='lat' dir='ltr'><strong>intacto.</strong></span> <span class='ocrx_word' id='word_1_146' title='bbox 1395 1517 1514 1558; x_wconf 88' lang='lat' dir='ltr'><strong>Inter</strong></span> <span class='ocrx_word' id='word_1_147' title='bbox 1535 1531 1638 1571; x_wconf 81' lang='lat' dir='ltr'><strong>quae</strong></span> 
     </span>
     <span class='ocr_line' id='line_1_20' title="bbox 186 1584 1640 1639; baseline 0.001 -15"><span class='ocrx_word' id='word_1_148' title='bbox 186 1587 276 1625; x_wconf 83' lang='lat' dir='ltr'><strong>tam</strong></span> <span class='ocrx_word' id='word_1_149' title='bbox 297 1585 499 1639; x_wconf 65' lang='lat' dir='ltr'><strong>trepidat</strong></span> <span class='ocrx_word' id='word_1_150' title='bbox 530 1585 732 1627; x_wconf 86' lang='lat' dir='ltr'><strong>Glaucus</strong></span> <span class='ocrx_word' id='word_1_151' title='bbox 762 1585 1076 1639; x_wconf 84' lang='lat' dir='ltr'><strong>Hippolochi,u</strong></span> <span class='ocrx_word' id='word_1_152' title='bbox 1105 1584 1366 1639; x_wconf 76' lang='lat' dir='ltr'><strong>SarpedonV</strong></span> <span class='ocrx_word' id='word_1_153' title='bbox 1396 1589 1528 1638; x_wconf 85' lang='lat' dir='ltr'><strong>atque</strong></span> <span class='ocrx_word' id='word_1_154' title='bbox 1551 1584 1640 1626; x_wconf 84' lang='lat' dir='ltr'><strong>As-</strong></span> 
     </span>
    </p>
   </div>
   <div class='ocr_carea' id='block_1_3' title="bbox 790 1681 1030 1694">
    <p class='ocr_par' dir='ltr' id='par_1_3' title="bbox 790 1681 1030 1694">
     <span class='ocr_line' id='line_1_21' title="bbox 790 1681 1030 1694; baseline 0.004 -1"><span class='ocrx_word' id='word_1_155' title='bbox 790 1682 887 1693; x_wconf 68' lang='grc'><strong><em>«00000</em></strong></span> <span class='ocrx_word' id='word_1_156' title='bbox 893 1681 1030 1694; x_wconf 76' lang='grc'><strong><em>0000000</em></strong></span> 
     </span>
    </p>
   </div>
   <div class='ocr_carea' id='block_1_4' title="bbox 182 1733 1638 1820">
    <p class='ocr_par' dir='ltr' id='par_1_4' title="bbox 182 1733 1638 1820">
     <span class='ocr_line' id='line_1_22' title="bbox 182 1733 1638 1776; baseline 0.002 -11"><span class='ocrx_word' id='word_1_157' title='bbox 182 1737 245 1765; x_wconf 86' lang='grc'><strong>-5</strong></span> <span class='ocrx_word' id='word_1_158' title='bbox 270 1733 455 1767; x_wconf 82' lang='lat' dir='ltr'><strong>Omittitur</strong></span> <span class='ocrx_word' id='word_1_159' title='bbox 470 1736 591 1767; x_wconf 84' lang='lat' dir='ltr'><strong>vocula</strong></span> <span class='ocrx_word' id='word_1_160' title='bbox 603 1739 634 1767; x_wconf 83' lang='lat' dir='ltr'><strong>et</strong></span> <span class='ocrx_word' id='word_1_161' title='bbox 650 1735 684 1767; x_wconf 90' lang='lat' dir='ltr'><strong>in</strong></span> <span class='ocrx_word' id='word_1_162' title='bbox 701 1735 891 1776; x_wconf 85' lang='lat' dir='ltr'><strong>Delph.—6</strong></span> <span class='ocrx_word' id='word_1_163' title='bbox 914 1736 1042 1776; x_wconf 86' lang='lat' dir='ltr'><strong>Delph.</strong></span> <span class='ocrx_word' id='word_1_164' title='bbox 1063 1738 1274 1776; x_wconf 79' lang='lat' dir='ltr'><strong>coeperat.—7</strong></span> <span class='ocrx_word' id='word_1_165' title='bbox 1298 1735 1425 1776; x_wconf 77' lang='lat' dir='ltr'><strong>Delpli.</strong></span> <span class='ocrx_word' id='word_1_166' title='bbox 1440 1735 1638 1768; x_wconf 72' lang='lat' dir='ltr'><strong>obvolveban-</strong></span> 
     </span>
     <span class='ocr_line' id='line_1_23' title="bbox 183 1778 1637 1820; baseline 0.001 -11"><span class='ocrx_word' id='word_1_167' title='bbox 183 1780 311 1810; x_wconf 65' lang='lat' dir='ltr'><strong>tun-8</strong></span> <span class='ocrx_word' id='word_1_168' title='bbox 337 1779 443 1810; x_wconf 83' lang='lat' dir='ltr'><strong>Deest</strong></span> <span class='ocrx_word' id='word_1_169' title='bbox 458 1788 514 1820; x_wconf 82' lang='lat' dir='ltr'><strong>que</strong></span> <span class='ocrx_word' id='word_1_170' title='bbox 529 1779 562 1810; x_wconf 90' lang='lat' dir='ltr'><strong>iu</strong></span> <span class='ocrx_word' id='word_1_171' title='bbox 581 1779 775 1820; x_wconf 87' lang='lat' dir='ltr'><strong>Delph.—9</strong></span> <span class='ocrx_word' id='word_1_172' title='bbox 797 1779 855 1810; x_wconf 90' lang='lat' dir='ltr'><strong>Sic</strong></span> <span class='ocrx_word' id='word_1_173' title='bbox 871 1780 1024 1811; x_wconf 84' lang='lat' dir='ltr'><strong>correxit</strong></span> <span class='ocrx_word' id='word_1_174' title='bbox 1041 1778 1210 1811; x_wconf 79' lang='lat' dir='ltr'><strong>Obrecht.</strong></span> <span class='ocrx_word' id='word_1_175' title='bbox 1225 1779 1340 1820; x_wconf 85' lang='lat' dir='ltr'><strong>vulgo,</strong></span> <span class='ocrx_word' id='word_1_176' title='bbox 1355 1779 1515 1810; x_wconf 74' lang='lat' dir='ltr'><strong>molestia.-</strong></span> <span class='ocrx_word' id='word_1_177' title='bbox 1539 1784 1573 1811; x_wconf 89' lang='lat' dir='ltr'><strong>et</strong></span> <span class='ocrx_word' id='word_1_178' title='bbox 1590 1780 1637 1811; x_wconf 86' lang='lat' dir='ltr'><strong>sic</strong></span> 
     </span>
    </p>
   </div>
   <div class='ocr_carea' id='block_1_5' title="bbox 845 1868 991 1901">
    <p class='ocr_par' dir='ltr' id='par_1_5' title="bbox 845 1868 991 1901">
     <span class='ocr_line' id='line_1_24' title="bbox 845 1868 991 1901; baseline -0.007 0"><span class='ocrx_word' id='word_1_179' title='bbox 845 1868 991 1901; x_wconf 81' lang='lat' dir='ltr'>NOTAE</span> 
     </span>
    </p>
   </div>
   <div class='ocr_carea' id='block_1_6' title="bbox 179 1931 1637 2116">
    <p class='ocr_par' dir='ltr' id='par_1_6' title="bbox 179 1931 1637 2116">
     <span class='ocr_line' id='line_1_25' title="bbox 224 1931 1637 1973; baseline 0.002 -11"><span class='ocrx_word' id='word_1_180' title='bbox 224 1936 239 1952; x_wconf 83' lang='lat'><strong>¹²</strong></span> <span class='ocrx_word' id='word_1_181' title='bbox 257 1931 353 1963; x_wconf 84' lang='lat' dir='ltr'><strong>Nullo</strong></span> <span class='ocrx_word' id='word_1_182' title='bbox 365 1933 557 1973; x_wconf 82' lang='lat' dir='ltr'><strong>nostrorum]</strong></span> <span class='ocrx_word' id='word_1_183' title='bbox 575 1932 704 1965; x_wconf 88' lang='lat' dir='ltr'><strong>Contra</strong></span> <span class='ocrx_word' id='word_1_184' title='bbox 717 1937 789 1972; x_wconf 86' lang='lat' dir='ltr'><strong>est;</strong></span> <span class='ocrx_word' id='word_1_185' title='bbox 807 1944 882 1965; x_wconf 86' lang='lat' dir='ltr'><strong>nam</strong></span> <span class='ocrx_word' id='word_1_186' title='bbox 937 1933 1134 1965; x_wconf 83' lang='lat' dir='ltr'><strong>Patroclum</strong></span> <span class='ocrx_word' id='word_1_187' title='bbox 1166 1942 1240 1964; x_wconf 88' lang='lat' dir='ltr'><strong>cum</strong></span> <span class='ocrx_word' id='word_1_188' title='bbox 1272 1931 1544 1973; x_wconf 86' lang='lat' dir='ltr'><strong>Myrmidonibus</strong></span> <span class='ocrx_word' id='word_1_189' title='bbox 1579 1942 1637 1965; x_wconf 82' lang='lat' dir='ltr'><strong>eos</strong></span> 
     </span>
     <span class='ocr_line' id='line_1_26' title="bbox 182 1982 1599 2025; baseline 0.002 -14"><span class='ocrx_word' id='word_1_190' title='bbox 182 1989 259 2012; x_wconf 88' lang='lat' dir='ltr'><strong>cum</strong></span> <span class='ocrx_word' id='word_1_191' title='bbox 272 1982 409 2023; x_wconf 84' lang='lat' dir='ltr'><strong>Trojani</strong></span> <span class='ocrx_word' id='word_1_192' title='bbox 427 1984 621 2024; x_wconf 82' lang='lat' dir='ltr'><strong>pugnabant</strong></span> <span class='ocrx_word' id='word_1_193' title='bbox 636 1984 792 2019; x_wconf 81' lang='lat' dir='ltr'><strong>maxime,</strong></span> <span class='ocrx_word' id='word_1_194' title='bbox 810 1989 881 2015; x_wconf 87' lang='lat' dir='ltr'><strong>tum</strong></span> <span class='ocrx_word' id='word_1_195' title='bbox 936 1983 1123 2025; x_wconf 86' lang='lat' dir='ltr'><strong>fugavisse.</strong></span> <span class='ocrx_word' id='word_1_196' title='bbox 1168 1984 1270 2015; x_wconf 91' lang='lat' dir='ltr'><strong>Illum</strong></span> <span class='ocrx_word' id='word_1_197' title='bbox 1289 1983 1378 2022; x_wconf 88' lang='lat' dir='ltr'><strong>vide,</strong></span> <span class='ocrx_word' id='word_1_198' title='bbox 1395 1983 1436 2014; x_wconf 92' lang='lat' dir='ltr'><strong>Il.</strong></span> <span class='ocrx_word' id='word_1_199' title='bbox 1454 1987 1492 2013; x_wconf 91' lang='lat' dir='ltr'><strong>O.</strong></span> <span class='ocrx_word' id='word_1_200' title='bbox 1509 1989 1543 2014; x_wconf 90' lang='lat' dir='ltr'><strong>et</strong></span> <span class='ocrx_word' id='word_1_201' title='bbox 1560 1987 1599 2014; x_wconf 89' lang='grc' dir='ltr'><strong>Π.</strong></span> 
     </span>
     <span class='ocr_line' id='line_1_27' title="bbox 181 2030 1635 2073; baseline 0 -11"><span class='ocrx_word' id='word_1_202' title='bbox 181 2030 294 2063; x_wconf 84' lang='lat' dir='ltr'><strong>Graeci</strong></span> <span class='ocrx_word' id='word_1_203' title='bbox 315 2033 522 2065; x_wconf 85' lang='lat' dir='ltr'><strong>resistebant</strong></span> <span class='ocrx_word' id='word_1_204' title='bbox 538 2034 696 2065; x_wconf 87' lang='lat' dir='ltr'><strong>maxime.</strong></span> <span class='ocrx_word' id='word_1_205' title='bbox 737 2033 881 2066; x_wconf 86' lang='lat' dir='ltr'><strong>Homer.</strong></span> <span class='ocrx_word' id='word_1_206' title='bbox 978 2038 990 2054; x_wconf 79' lang='lat'><strong>¹·</strong></span> <span class='ocrx_word' id='word_1_207' title='bbox 1012 2034 1116 2065; x_wconf 82' lang='lat' dir='ltr'><strong>Ictum</strong></span> <span class='ocrx_word' id='word_1_208' title='bbox 1141 2033 1270 2064; x_wconf 82' lang='lat' dir='ltr'><strong>immani</strong></span> <span class='ocrx_word' id='word_1_209' title='bbox 1292 2032 1384 2073; x_wconf 78' lang='lat' dir='ltr'><strong>saxo]</strong></span> <span class='ocrx_word' id='word_1_210' title='bbox 1413 2032 1489 2063; x_wconf 85' lang='lat' dir='ltr'><strong>Hoc</strong></span> <span class='ocrx_word' id='word_1_211' title='bbox 1515 2031 1635 2063; x_wconf 67' lang='lat' dir='ltr'><strong>falsum</strong></span> 
     </span>
     <span class='ocr_line' id='line_1_28' title="bbox 179 2081 1637 2116; baseline 0.001 -4"><span class='ocrx_word' id='word_1_212' title='bbox 179 2081 316 2114; x_wconf 86' lang='lat' dir='ltr'><strong>ibidem.</strong></span> <span class='ocrx_word' id='word_1_213' title='bbox 935 2090 1001 2116; x_wconf 85' lang='lat' dir='ltr'><strong>est.</strong></span> <span class='ocrx_word' id='word_1_214' title='bbox 1050 2084 1182 2115; x_wconf 86' lang='lat' dir='ltr'><strong>Hector</strong></span> <span class='ocrx_word' id='word_1_215' title='bbox 1205 2083 1294 2114; x_wconf 84' lang='lat' dir='ltr'><strong>enim</strong></span> <span class='ocrx_word' id='word_1_216' title='bbox 1318 2083 1513 2114; x_wconf 82' lang='lat' dir='ltr'><strong>Patroclum</strong></span> <span class='ocrx_word' id='word_1_217' title='bbox 1531 2083 1637 2114; x_wconf 84' lang='lat' dir='ltr'><strong>inter-</strong></span> 
     </span>
    </p>
   </div>
   <div class='ocr_carea' id='block_1_7' title="bbox 171 2132 878 2873">
    <p class='ocr_par' dir='ltr' id='par_1_7' title="bbox 180 2132 878 2273">
     <span class='ocr_line' id='line_1_29' title="bbox 222 2132 878 2174; baseline 0 -11"><span class='ocrx_word' id='word_1_218' title='bbox 222 2136 237 2152; x_wconf 89' lang='lat' dir='ltr'><strong>o</strong></span> <span class='ocrx_word' id='word_1_219' title='bbox 253 2132 394 2164; x_wconf 71' lang='lat' dir='ltr'><strong>Genibus</strong></span> <span class='ocrx_word' id='word_1_220' title='bbox 408 2133 558 2173; x_wconf 76' lang='lat' dir='ltr'><strong>Achillis]</strong></span> <span class='ocrx_word' id='word_1_221' title='bbox 582 2133 878 2174; x_wconf 81' lang='lat' dir='ltr'><strong>Elegantissimam</strong></span> 
     </span>
     <span class='ocr_line' id='line_1_30' title="bbox 181 2182 878 2224; baseline 0.003 -11"><span class='ocrx_word' id='word_1_222' title='bbox 181 2182 379 2223; x_wconf 85' lang='lat' dir='ltr'><strong>orationem,</strong></span> <span class='ocrx_word' id='word_1_223' title='bbox 399 2192 498 2224; x_wconf 90' lang='lat' dir='ltr'><strong>quam</strong></span> <span class='ocrx_word' id='word_1_224' title='bbox 515 2183 558 2214; x_wconf 90' lang='lat' dir='ltr'><strong>ad</strong></span> <span class='ocrx_word' id='word_1_225' title='bbox 576 2183 741 2214; x_wconf 86' lang='lat' dir='ltr'><strong>Achillem</strong></span> <span class='ocrx_word' id='word_1_226' title='bbox 758 2183 878 2215; x_wconf 85' lang='lat' dir='ltr'><strong>habuit</strong></span> 
     </span>
     <span class='ocr_line' id='line_1_31' title="bbox 180 2232 842 2273; baseline 0.003 -11"><span class='ocrx_word' id='word_1_227' title='bbox 180 2232 372 2272; x_wconf 82' lang='lat' dir='ltr'><strong>Patroclus,</strong></span> <span class='ocrx_word' id='word_1_228' title='bbox 389 2232 465 2263; x_wconf 87' lang='lat' dir='ltr'><strong>vide</strong></span> <span class='ocrx_word' id='word_1_229' title='bbox 481 2232 568 2273; x_wconf 86' lang='lat' dir='ltr'><strong>apud</strong></span> <span class='ocrx_word' id='word_1_230' title='bbox 586 2233 729 2264; x_wconf 87' lang='lat' dir='ltr'><strong>Homer.</strong></span> <span class='ocrx_word' id='word_1_231' title='bbox 747 2233 787 2265; x_wconf 83' lang='lat'><strong>11.</strong></span> <span class='ocrx_word' id='word_1_232' title='bbox 802 2237 842 2264; x_wconf 88' lang='grc' dir='ltr'><strong>Π.</strong></span> 
     </span>
    </p>

    <p class='ocr_par' dir='ltr' id='par_1_8' title="bbox 176 2282 877 2523">
     <span class='ocr_line' id='line_1_32' title="bbox 220 2282 876 2323; baseline 0.003 -11"><span class='ocrx_word' id='word_1_233' title='bbox 220 2286 238 2307; x_wconf 74' lang='grc' dir='ltr'><strong><em>Ρ</em></strong></span> <span class='ocrx_word' id='word_1_234' title='bbox 254 2283 375 2322; x_wconf 80' lang='lat' dir='ltr'><strong>Magna</strong></span> <span class='ocrx_word' id='word_1_235' title='bbox 386 2292 541 2314; x_wconf 80' lang='lat' dir='ltr'><strong>armorum</strong></span> <span class='ocrx_word' id='word_1_236' title='bbox 555 2282 672 2323; x_wconf 83' lang='lat' dir='ltr'><strong>specie]</strong></span> <span class='ocrx_word' id='word_1_237' title='bbox 696 2283 801 2313; x_wconf 79' lang='lat' dir='ltr'><strong>Forte</strong></span> <span class='ocrx_word' id='word_1_238' title='bbox 825 2292 876 2314; x_wconf 88' lang='lat' dir='ltr'><strong>re-</strong></span> 
     </span>
     <span class='ocr_line' id='line_1_33' title="bbox 178 2332 877 2374; baseline 0 -11"><span class='ocrx_word' id='word_1_239' title='bbox 178 2332 280 2372; x_wconf 86' lang='lat' dir='ltr'><strong>spicit</strong></span> <span class='ocrx_word' id='word_1_240' title='bbox 296 2332 338 2363; x_wconf 87' lang='lat' dir='ltr'><strong>ad</strong></span> <span class='ocrx_word' id='word_1_241' title='bbox 362 2333 519 2373; x_wconf 88' lang='lat' dir='ltr'><strong>clypeum</strong></span> <span class='ocrx_word' id='word_1_242' title='bbox 538 2333 653 2374; x_wconf 87' lang='lat' dir='ltr'><strong>Ajacis</strong></span> <span class='ocrx_word' id='word_1_243' title='bbox 679 2333 877 2373; x_wconf 85' lang='lat' dir='ltr'><strong>septempli-</strong></span> 
     </span>
     <span class='ocr_line' id='line_1_34' title="bbox 178 2381 877 2423; baseline 0 -10"><span class='ocrx_word' id='word_1_244' title='bbox 178 2393 266 2422; x_wconf 85' lang='lat' dir='ltr'><strong>cem,</strong></span> <span class='ocrx_word' id='word_1_245' title='bbox 288 2382 382 2415; x_wconf 78' lang='grc' dir='ltr'>σάκος</span> <span class='ocrx_word' id='word_1_246' title='bbox 408 2383 592 2419; x_wconf 83' lang='grc' dir='ltr'>ἑπταβόειον</span> <span class='ocrx_word' id='word_1_247' title='bbox 615 2382 738 2422; x_wconf 81' lang='grc' dir='ltr'>Ταύρων</span> <span class='ocrx_word' id='word_1_248' title='bbox 766 2381 877 2423; x_wconf 77' lang='grc' dir='ltr'>ζατρε-</span> 
     </span>
     <span class='ocr_line' id='line_1_35' title="bbox 176 2430 877 2474; baseline 0 -11"><span class='ocrx_word' id='word_1_249' title='bbox 176 2430 270 2473; x_wconf 84' lang='grc' dir='ltr'>φέων,</span> <span class='ocrx_word' id='word_1_250' title='bbox 283 2436 292 2450; x_wconf 88' lang='lat'><em>‘</em></span> <span class='ocrx_word' id='word_1_251' title='bbox 303 2439 434 2464; x_wconf 80' lang='lat' dir='ltr'><strong>scutum</strong></span> <span class='ocrx_word' id='word_1_252' title='bbox 449 2434 503 2465; x_wconf 89' lang='lat' dir='ltr'><strong>cui</strong></span> <span class='ocrx_word' id='word_1_253' title='bbox 520 2438 651 2474; x_wconf 85' lang='lat' dir='ltr'><strong>septem</strong></span> <span class='ocrx_word' id='word_1_254' title='bbox 664 2437 761 2473; x_wconf 83' lang='lat' dir='ltr'><strong>terga</strong></span> <span class='ocrx_word' id='word_1_255' title='bbox 778 2433 877 2464; x_wconf 92' lang='lat' dir='ltr'><strong>boum</strong></span> 
     </span>
     <span class='ocr_line' id='line_1_36' title="bbox 178 2482 394 2523; baseline 0.005 -10"><span class='ocrx_word' id='word_1_256' title='bbox 178 2482 394 2523; x_wconf 69' lang='lat' dir='ltr'><strong>ingentium!</strong></span> 
     </span>
    </p>

    <p class='ocr_par' dir='ltr' id='par_1_9' title="bbox 171 2531 877 2873">
     <span class='ocr_line' id='line_1_37' title="bbox 220 2531 877 2573; baseline 0 -9"><span class='ocrx_word' id='word_1_257' title='bbox 220 2537 236 2558; x_wconf 77' lang='lat'><strong>⁴1</strong></span> <span class='ocrx_word' id='word_1_258' title='bbox 259 2531 289 2564; x_wconf 88' lang='lat' dir='ltr'><strong><em>A</em></strong></span> <span class='ocrx_word' id='word_1_259' title='bbox 311 2532 440 2563; x_wconf 79' lang='lat' dir='ltr'><strong>navibus</strong></span> <span class='ocrx_word' id='word_1_260' title='bbox 455 2535 547 2564; x_wconf 75' lang='lat' dir='ltr'><strong>exera</strong></span> <span class='ocrx_word' id='word_1_261' title='bbox 561 2532 691 2573; x_wconf 80' lang='lat' dir='ltr'><strong>vallum]</strong></span> <span class='ocrx_word' id='word_1_262' title='bbox 726 2532 812 2564; x_wconf 88' lang='lat' dir='ltr'><strong>Inde</strong></span> <span class='ocrx_word' id='word_1_263' title='bbox 830 2532 877 2564; x_wconf 92' lang='lat' dir='ltr'><strong>A-</strong></span> 
     </span>
     <span class='ocr_line' id='line_1_38' title="bbox 171 2581 876 2623; baseline 0.004 -11"><span class='ocrx_word' id='word_1_264' title='bbox 171 2581 247 2621; x_wconf 82' lang='lat' dir='ltr'><strong>jax,</strong></span> <span class='ocrx_word' id='word_1_265' title='bbox 263 2582 352 2623; x_wconf 83' lang='lat' dir='ltr'><strong>apud</strong></span> <span class='ocrx_word' id='word_1_266' title='bbox 375 2583 478 2614; x_wconf 86' lang='lat' dir='ltr'><strong>Ovid.</strong></span> <span class='ocrx_word' id='word_1_267' title='bbox 503 2592 588 2614; x_wconf 80' lang='lat' dir='ltr'><strong>xur-</strong></span> <span class='ocrx_word' id='word_1_268' title='bbox 614 2584 756 2614; x_wconf 86' lang='lat' dir='ltr'><strong>Metam.</strong></span> <span class='ocrx_word' id='word_1_269' title='bbox 773 2583 815 2614; x_wconf 90' lang='lat' dir='ltr'><strong>de</strong></span> <span class='ocrx_word' id='word_1_270' title='bbox 832 2584 876 2615; x_wconf 91' lang='lat' dir='ltr'><strong>U-</strong></span> 
     </span>
     <span class='ocr_line' id='line_1_39' title="bbox 176 2633 877 2673; baseline 0.004 -10"><span class='ocrx_word' id='word_1_271' title='bbox 176 2633 287 2673; x_wconf 83' lang='lat' dir='ltr'><strong>lysse:</strong></span> <span class='ocrx_word' id='word_1_272' title='bbox 314 2634 323 2650; x_wconf 91' lang='lat'>‘</span> <span class='ocrx_word' id='word_1_273' title='bbox 342 2633 390 2664; x_wconf 91' lang='lat' dir='ltr'><strong>At</strong></span> <span class='ocrx_word' id='word_1_274' title='bbox 415 2643 481 2665; x_wconf 91' lang='lat' dir='ltr'><strong>non</strong></span> <span class='ocrx_word' id='word_1_275' title='bbox 497 2634 680 2665; x_wconf 86' lang='lat' dir='ltr'><strong>Hectoreis</strong></span> <span class='ocrx_word' id='word_1_276' title='bbox 705 2634 877 2666; x_wconf 85' lang='lat' dir='ltr'><strong>dubitavit</strong></span> 
     </span>
     <span class='ocr_line' id='line_1_40' title="bbox 178 2681 874 2724; baseline 0.004 -12"><span class='ocrx_word' id='word_1_277' title='bbox 178 2681 301 2713; x_wconf 83' lang='lat' dir='ltr'><strong>cedere</strong></span> <span class='ocrx_word' id='word_1_278' title='bbox 327 2682 469 2714; x_wconf 86' lang='lat' dir='ltr'><strong>flammis</strong></span> <span class='ocrx_word' id='word_1_279' title='bbox 500 2684 593 2716; x_wconf 84' lang='lat' dir='ltr'><strong>Quas</strong></span> <span class='ocrx_word' id='word_1_280' title='bbox 623 2694 687 2724; x_wconf 85' lang='lat' dir='ltr'><strong>ego</strong></span> <span class='ocrx_word' id='word_1_281' title='bbox 718 2685 874 2723; x_wconf 84' lang='lat' dir='ltr'><strong>sustinui,</strong></span> 
     </span>
     <span class='ocr_line' id='line_1_41' title="bbox 178 2731 874 2774; baseline 0.01 -15"><span class='ocrx_word' id='word_1_282' title='bbox 178 2740 261 2770; x_wconf 84' lang='lat' dir='ltr'><strong>quas</strong></span> <span class='ocrx_word' id='word_1_283' title='bbox 288 2731 350 2764; x_wconf 86' lang='lat' dir='ltr'><strong>hac</strong></span> <span class='ocrx_word' id='word_1_284' title='bbox 373 2742 393 2763; x_wconf 85' lang='lat' dir='ltr'><strong>a</strong></span> <span class='ocrx_word' id='word_1_285' title='bbox 419 2733 523 2764; x_wconf 79' lang='lat' dir='ltr'><strong>classe</strong></span> <span class='ocrx_word' id='word_1_286' title='bbox 553 2732 693 2774; x_wconf 83' lang='lat' dir='ltr'><strong>fugavi.&#39;</strong></span> <span class='ocrx_word' id='word_1_287' title='bbox 747 2734 874 2766; x_wconf 86' lang='lat' dir='ltr'><strong>Verum</strong></span> 
     </span>
     <span class='ocr_line' id='line_1_42' title="bbox 179 2780 875 2824; baseline 0.006 -14"><span class='ocrx_word' id='word_1_288' title='bbox 179 2780 346 2812; x_wconf 86' lang='lat' dir='ltr'><strong>Homerus</strong></span> <span class='ocrx_word' id='word_1_289' title='bbox 384 2783 502 2814; x_wconf 85' lang='lat' dir='ltr'><strong>scribit</strong></span> <span class='ocrx_word' id='word_1_290' title='bbox 533 2782 672 2824; x_wconf 84' lang='lat' dir='ltr'><strong>Ajacem</strong></span> <span class='ocrx_word' id='word_1_291' title='bbox 709 2783 875 2824; x_wconf 80' lang='lat' dir='ltr'><strong>Trojanos</strong></span> 
     </span>
     <span class='ocr_line' id='line_1_43' title="bbox 179 2827 872 2873; baseline 0.007 -13"><span class='ocrx_word' id='word_1_292' title='bbox 179 2827 329 2863; x_wconf 85' lang='lat' dir='ltr'><strong>flammas</strong></span> <span class='ocrx_word' id='word_1_293' title='bbox 355 2831 541 2865; x_wconf 81' lang='lat' dir='ltr'><strong>inferentes</strong></span> <span class='ocrx_word' id='word_1_294' title='bbox 567 2833 787 2873; x_wconf 78' lang='lat' dir='ltr'><strong>sustinuisse3</strong></span> <span class='ocrx_word' id='word_1_295' title='bbox 812 2834 872 2866; x_wconf 85' lang='lat' dir='ltr'><strong>sed</strong></span> 
     </span>
    </p>
   </div>
   <div class='ocr_carea' id='block_1_8' title="bbox 929 2132 1635 2873">
    <p class='ocr_par' dir='ltr' id='par_1_10' title="bbox 930 2132 1635 2516">
     <span class='ocr_line' id='line_1_44' title="bbox 934 2132 1635 2174; baseline -0.003 -8"><span class='ocrx_word' id='word_1_296' title='bbox 934 2135 1019 2166; x_wconf 85' lang='lat' dir='ltr'><strong>fecit</strong></span> <span class='ocrx_word' id='word_1_297' title='bbox 1034 2134 1065 2165; x_wconf 90' lang='lat' dir='ltr'><strong>in</strong></span> <span class='ocrx_word' id='word_1_298' title='bbox 1082 2135 1144 2165; x_wconf 86' lang='lat' dir='ltr'><strong>hac</strong></span> <span class='ocrx_word' id='word_1_299' title='bbox 1161 2144 1284 2174; x_wconf 84' lang='lat' dir='ltr'><strong>pugna.</strong></span> <span class='ocrx_word' id='word_1_300' title='bbox 1317 2133 1382 2166; x_wconf 85' lang='lat' dir='ltr'><strong>Qui</strong></span> <span class='ocrx_word' id='word_1_301' title='bbox 1399 2138 1524 2167; x_wconf 81' lang='lat' dir='ltr'><strong>tamen,</strong></span> <span class='ocrx_word' id='word_1_302' title='bbox 1540 2132 1635 2164; x_wconf 81' lang='lat' dir='ltr'><strong>defa-</strong></span> 
     </span>
     <span class='ocr_line' id='line_1_45' title="bbox 933 2183 1635 2225; baseline -0.003 -9"><span class='ocrx_word' id='word_1_303' title='bbox 933 2186 1042 2224; x_wconf 82' lang='lat' dir='ltr'><strong>tigato</strong></span> <span class='ocrx_word' id='word_1_304' title='bbox 1055 2184 1188 2216; x_wconf 87' lang='lat' dir='ltr'><strong>demum</strong></span> <span class='ocrx_word' id='word_1_305' title='bbox 1205 2184 1324 2225; x_wconf 82' lang='lat' dir='ltr'><strong>Ajace,</strong></span> <span class='ocrx_word' id='word_1_306' title='bbox 1341 2184 1462 2224; x_wconf 83' lang='lat' dir='ltr'><strong>acjam</strong></span> <span class='ocrx_word' id='word_1_307' title='bbox 1476 2183 1552 2214; x_wconf 87' lang='lat' dir='ltr'><strong>telis</strong></span> <span class='ocrx_word' id='word_1_308' title='bbox 1564 2193 1635 2214; x_wconf 90' lang='lat' dir='ltr'><strong>om-</strong></span> 
     </span>
     <span class='ocr_line' id='line_1_46' title="bbox 932 2232 1634 2274; baseline -0.003 -9"><span class='ocrx_word' id='word_1_309' title='bbox 932 2235 1024 2265; x_wconf 87' lang='lat' dir='ltr'><strong>nium</strong></span> <span class='ocrx_word' id='word_1_310' title='bbox 1051 2243 1181 2274; x_wconf 82' lang='lat' dir='ltr'><strong>presso,</strong></span> <span class='ocrx_word' id='word_1_311' title='bbox 1200 2233 1412 2274; x_wconf 83' lang='lat' dir='ltr'><strong>supervenit.</strong></span> <span class='ocrx_word' id='word_1_312' title='bbox 1457 2232 1544 2263; x_wconf 84' lang='lat' dir='ltr'><strong>Vide</strong></span> <span class='ocrx_word' id='word_1_313' title='bbox 1563 2233 1634 2263; x_wconf 89' lang='lat' dir='ltr'><strong>Ho-</strong></span> 
     </span>
     <span class='ocr_line' id='line_1_47' title="bbox 931 2283 1634 2325; baseline -0.003 -9"><span class='ocrx_word' id='word_1_314' title='bbox 931 2295 1015 2317; x_wconf 88' lang='lat' dir='ltr'><strong>mer.</strong></span> <span class='ocrx_word' id='word_1_315' title='bbox 1038 2285 1079 2316; x_wconf 84' lang='lat'><strong>11.</strong></span> <span class='ocrx_word' id='word_1_316' title='bbox 1095 2289 1134 2315; x_wconf 87' lang='grc' dir='ltr'><strong>Π.</strong></span> <span class='ocrx_word' id='word_1_317' title='bbox 1178 2284 1338 2325; x_wconf 76' lang='lat' dir='ltr'><strong>Suspicor</strong></span> <span class='ocrx_word' id='word_1_318' title='bbox 1363 2283 1417 2314; x_wconf 77' lang='lat' dir='ltr'><strong>hic</strong></span> <span class='ocrx_word' id='word_1_319' title='bbox 1444 2284 1573 2323; x_wconf 75' lang='lat' dir='ltr'><strong>Dictyn</strong></span> <span class='ocrx_word' id='word_1_320' title='bbox 1590 2283 1634 2314; x_wconf 89' lang='lat' dir='ltr'><strong>de</strong></span> 
     </span>
     <span class='ocr_line' id='line_1_48' title="bbox 932 2332 1634 2374; baseline -0.003 -8"><span class='ocrx_word' id='word_1_321' title='bbox 932 2335 1086 2366; x_wconf 86' lang='lat' dir='ltr'><strong>Hectore</strong></span> <span class='ocrx_word' id='word_1_322' title='bbox 1103 2333 1244 2374; x_wconf 78' lang='lat' dir='ltr'><strong>dixisse,</strong></span> <span class='ocrx_word' id='word_1_323' title='bbox 1273 2333 1360 2374; x_wconf 88' lang='lat' dir='ltr'><strong>quod</strong></span> <span class='ocrx_word' id='word_1_324' title='bbox 1390 2332 1432 2362; x_wconf 89' lang='lat' dir='ltr'><strong>de</strong></span> <span class='ocrx_word' id='word_1_325' title='bbox 1448 2332 1555 2363; x_wconf 80' lang='lat' dir='ltr'><strong>AEnea</strong></span> <span class='ocrx_word' id='word_1_326' title='bbox 1571 2342 1634 2373; x_wconf 82' lang='lat' dir='ltr'><strong>per</strong></span> 
     </span>
     <span class='ocr_line' id='line_1_49' title="bbox 931 2383 1634 2423; baseline -0.004 -7"><span class='ocrx_word' id='word_1_327' title='bbox 931 2384 1134 2416; x_wconf 78' lang='lat' dir='ltr'><strong>Diomedem</strong></span> <span class='ocrx_word' id='word_1_328' title='bbox 1171 2383 1286 2423; x_wconf 85' lang='lat' dir='ltr'><strong>lapide</strong></span> <span class='ocrx_word' id='word_1_329' title='bbox 1324 2392 1498 2423; x_wconf 85' lang='lat' dir='ltr'><strong>percusso,</strong></span> <span class='ocrx_word' id='word_1_330' title='bbox 1541 2383 1634 2413; x_wconf 84' lang='lat' dir='ltr'><strong>circa</strong></span> 
     </span>
     <span class='ocr_line' id='line_1_50' title="bbox 931 2432 1635 2474; baseline -0.003 -9"><span class='ocrx_word' id='word_1_331' title='bbox 931 2444 1053 2474; x_wconf 84' lang='lat' dir='ltr'><strong>corpus</strong></span> <span class='ocrx_word' id='word_1_332' title='bbox 1091 2433 1254 2472; x_wconf 85' lang='lat' dir='ltr'><strong>Pandari,</strong></span> <span class='ocrx_word' id='word_1_333' title='bbox 1297 2432 1466 2463; x_wconf 87' lang='lat' dir='ltr'><strong>Homerus</strong></span> <span class='ocrx_word' id='word_1_334' title='bbox 1503 2432 1635 2473; x_wconf 85' lang='lat' dir='ltr'><strong>retulit,</strong></span> 
     </span>
     <span class='ocr_line' id='line_1_51' title="bbox 930 2484 1025 2516; baseline -0.011 0"><span class='ocrx_word' id='word_1_335' title='bbox 930 2484 973 2516; x_wconf 91' lang='lat' dir='ltr'><strong>Il.</strong></span> <span class='ocrx_word' id='word_1_336' title='bbox 991 2487 1025 2515; x_wconf 90' lang='lat' dir='ltr'><strong>E.</strong></span> 
     </span>
    </p>

    <p class='ocr_par' dir='ltr' id='par_1_11' title="bbox 929 2530 1631 2723">
     <span class='ocr_line' id='line_1_52' title="bbox 973 2530 1629 2573; baseline -0.002 -9"><span class='ocrx_word' id='word_1_337' title='bbox 973 2539 984 2554; x_wconf 80' lang='lat'>⁵</span> <span class='ocrx_word' id='word_1_338' title='bbox 1007 2534 1095 2564; x_wconf 74' lang='lat' dir='ltr'><strong>Male</strong></span> <span class='ocrx_word' id='word_1_339' title='bbox 1117 2531 1282 2573; x_wconf 79' lang='lat' dir='ltr'><strong>prospera]</strong></span> <span class='ocrx_word' id='word_1_340' title='bbox 1314 2531 1355 2562; x_wconf 89' lang='lat' dir='ltr'><strong>Id</strong></span> <span class='ocrx_word' id='word_1_341' title='bbox 1380 2535 1445 2571; x_wconf 85' lang='lat' dir='ltr'><strong>est,</strong></span> <span class='ocrx_word' id='word_1_342' title='bbox 1469 2530 1629 2563; x_wconf 83' lang='lat' dir='ltr'><strong>infausta.</strong></span> 
     </span>
     <span class='ocr_line' id='line_1_53' title="bbox 929 2580 1631 2621; baseline -0.006 -6"><span class='ocrx_word' id='word_1_343' title='bbox 929 2583 985 2615; x_wconf 88' lang='lat' dir='ltr'><strong>Sic</strong></span> <span class='ocrx_word' id='word_1_344' title='bbox 1009 2584 1131 2614; x_wconf 82' lang='lat' dir='ltr'><strong>Horat.</strong></span> <span class='ocrx_word' id='word_1_345' title='bbox 1157 2581 1245 2613; x_wconf 81' lang='lat' dir='ltr'><strong>dixit</strong></span> <span class='ocrx_word' id='word_1_346' title='bbox 1269 2583 1278 2598; x_wconf 89' lang='lat'>‘</span> <span class='ocrx_word' id='word_1_347' title='bbox 1292 2580 1434 2620; x_wconf 88' lang='lat' dir='ltr'><strong>digitum</strong></span> <span class='ocrx_word' id='word_1_348' title='bbox 1451 2581 1538 2611; x_wconf 88' lang='lat' dir='ltr'><strong>male</strong></span> <span class='ocrx_word' id='word_1_349' title='bbox 1556 2591 1631 2621; x_wconf 85' lang='lat' dir='ltr'><strong>per-</strong></span> 
     </span>
     <span class='ocr_line' id='line_1_54' title="bbox 930 2631 1629 2674; baseline -0.003 -9"><span class='ocrx_word' id='word_1_350' title='bbox 930 2632 1100 2671; x_wconf 85' lang='lat' dir='ltr'><strong>tinacem‚’</strong></span> <span class='ocrx_word' id='word_1_351' title='bbox 1116 2632 1173 2674; x_wconf 88' lang='lat' dir='ltr'><strong>qui</strong></span> <span class='ocrx_word' id='word_1_352' title='bbox 1190 2631 1292 2663; x_wconf 87' lang='lat' dir='ltr'><strong>facile</strong></span> <span class='ocrx_word' id='word_1_353' title='bbox 1307 2631 1411 2663; x_wconf 91' lang='lat' dir='ltr'><strong>cedit.</strong></span> <span class='ocrx_word' id='word_1_354' title='bbox 1453 2631 1509 2662; x_wconf 90' lang='lat' dir='ltr'><strong>Ita</strong></span> <span class='ocrx_word' id='word_1_355' title='bbox 1525 2631 1629 2663; x_wconf 80' lang='lat' dir='ltr'><strong>Ovid.</strong></span> 
     </span>
     <span class='ocr_line' id='line_1_55' title="bbox 929 2684 1137 2723; baseline -0.014 -7"><span class='ocrx_word' id='word_1_356' title='bbox 929 2684 1056 2723; x_wconf 75' lang='lat' dir='ltr'><strong>L1vius,</strong></span> <span class='ocrx_word' id='word_1_357' title='bbox 1071 2685 1137 2714; x_wconf 73' lang='grc' dir='ltr'><strong>διε.</strong></span> 
     </span>
    </p>

    <p class='ocr_par' dir='ltr' id='par_1_12' title="bbox 929 2729 1628 2815">
     <span class='ocr_line' id='line_1_56' title="bbox 969 2729 1628 2772; baseline -0.005 -8"><span class='ocrx_word' id='word_1_358' title='bbox 969 2735 979 2754; x_wconf 75' lang='grc' dir='ltr'><strong>ῑ</strong></span> <span class='ocrx_word' id='word_1_359' title='bbox 1005 2733 1082 2764; x_wconf 83' lang='lat' dir='ltr'><strong>Tam</strong></span> <span class='ocrx_word' id='word_1_360' title='bbox 1106 2731 1242 2772; x_wconf 82' lang='lat' dir='ltr'><strong>trepida]</strong></span> <span class='ocrx_word' id='word_1_361' title='bbox 1277 2729 1373 2771; x_wconf 88' lang='lat' dir='ltr'><strong>Virg.</strong></span> <span class='ocrx_word' id='word_1_362' title='bbox 1396 2729 1493 2762; x_wconf 80' lang='lat' dir='ltr'><strong>‘dum</strong></span> <span class='ocrx_word' id='word_1_363' title='bbox 1522 2731 1628 2772; x_wconf 87' lang='lat' dir='ltr'><strong>trepi-</strong></span> 
     </span>
     <span class='ocr_line' id='line_1_57' title="bbox 929 2780 1118 2815; baseline -0.016 0"><span class='ocrx_word' id='word_1_364' title='bbox 929 2783 1011 2815; x_wconf 86' lang='lat' dir='ltr'><strong>dant</strong></span> <span class='ocrx_word' id='word_1_365' title='bbox 1028 2780 1118 2813; x_wconf 85' lang='lat' dir='ltr'><strong>alae.&#39;</strong></span> 
     </span>
    </p>

    <p class='ocr_par' dir='ltr' id='par_1_13' title="bbox 970 2829 1626 2873">
     <span class='ocr_line' id='line_1_58' title="bbox 970 2829 1626 2873; baseline -0.003 -10"><span class='ocrx_word' id='word_1_366' title='bbox 970 2838 985 2873; x_wconf 59' lang='grc' dir='ltr'><strong>ξ·</strong></span> <span class='ocrx_word' id='word_1_367' title='bbox 1011 2832 1148 2864; x_wconf 73' lang='lat' dir='ltr'><strong>Glaucus</strong></span> <span class='ocrx_word' id='word_1_368' title='bbox 1164 2829 1368 2872; x_wconf 79' lang='lat' dir='ltr'><strong>Hippolochz&#39;]</strong></span> <span class='ocrx_word' id='word_1_369' title='bbox 1403 2830 1459 2863; x_wconf 88' lang='lat' dir='ltr'><strong>Ita</strong></span> <span class='ocrx_word' id='word_1_370' title='bbox 1480 2834 1574 2862; x_wconf 79' lang='lat' dir='ltr'><strong>recte</strong></span> <span class='ocrx_word' id='word_1_371' title='bbox 1591 2829 1626 2861; x_wconf 88' lang='lat' dir='ltr'><strong>li-</strong></span> 
     </span>
    </p>
   </div>
  </div>
 </body>
</html>
