<?xml version="1.0" encoding="UTF-8"?>
<!DOCTYPE html PUBLIC "-//W3C//DTD XHTML 1.0 Transitional//EN"
    "http://www.w3.org/TR/xhtml1/DTD/xhtml1-transitional.dtd">
<html xmlns="http://www.w3.org/1999/xhtml" xml:lang="en" lang="en">
 <head>
  <title>
</title>
<meta http-equiv="Content-Type" content="text/html;charset=utf-8" />
  <meta name='ocr-system' content='tesseract 3.04.00' />
  <meta name='ocr-capabilities' content='ocr_page ocr_carea ocr_par ocr_line ocrx_word'/>
</head>
<body>
  <div class='ocr_page' id='page_1' title='image "./dictyscretensise01dictuoft_0180.png"; bbox 0 0 1915 3231; ppageno 0'>
   <div class='ocr_carea' id='block_1_1' title="bbox 262 282 1244 326">
    <p class='ocr_par' dir='ltr' id='par_1_1' title="bbox 262 282 1244 326">
     <span class='ocr_line' id='line_1_1' title="bbox 262 282 1244 326; baseline 0.003 -3"><span class='ocrx_word' id='word_1_1' title='bbox 262 282 345 324; x_wconf 75' lang='lat'>172</span> <span class='ocrx_word' id='word_1_2' title='bbox 727 294 938 325; x_wconf 72' lang='lat' dir='ltr'>Drc&#39;rvos</span> <span class='ocrx_word' id='word_1_3' title='bbox 971 295 1244 326; x_wconf 73' lang='lat' dir='ltr'>CRETENsis</span> 
     </span>
    </p>
   </div>
   <div class='ocr_carea' id='block_1_2' title="bbox 259 388 1721 1312">
    <p class='ocr_par' dir='ltr' id='par_1_2' title="bbox 259 388 1721 1312">
     <span class='ocr_line' id='line_1_2' title="bbox 261 388 1715 444; baseline 0.003 -16"><span class='ocrx_word' id='word_1_4' title='bbox 261 388 337 429; x_wconf 89' lang='lat' dir='ltr'>ubi</span> <span class='ocrx_word' id='word_1_5' title='bbox 370 399 447 428; x_wconf 85' lang='lat' dir='ltr'>cos</span> <span class='ocrx_word' id='word_1_6' title='bbox 481 390 633 429; x_wconf 84' lang='lat' dir='ltr'>contra</span> <span class='ocrx_word' id='word_1_7' title='bbox 661 401 710 429; x_wconf 93' lang='lat' dir='ltr'>se</span> <span class='ocrx_word' id='word_1_8' title='bbox 741 389 919 431; x_wconf 87' lang='lat' dir='ltr'>tendere</span> <span class='ocrx_word' id='word_1_9' title='bbox 952 393 1131 444; x_wconf 81' lang='lat' dir='ltr'>paratos</span> <span class='ocrx_word' id='word_1_10' title='bbox 1168 389 1301 431; x_wconf 78' lang='lat' dir='ltr'>armis</span> <span class='ocrx_word' id='word_1_11' title='bbox 1335 393 1468 443; x_wconf 85' lang='lat' dir='ltr'>atque</span> <span class='ocrx_word' id='word_1_12' title='bbox 1502 389 1715 432; x_wconf 77' lang='lat' dir='ltr'>animis⁷⁵</span> 
     </span>
     <span class='ocr_line' id='line_1_3' title="bbox 260 455 1715 510; baseline 0.002 -15"><span class='ocrx_word' id='word_1_13' title='bbox 260 459 440 508; x_wconf 89' lang='lat' dir='ltr'>uterque</span> <span class='ocrx_word' id='word_1_14' title='bbox 462 455 684 496; x_wconf 81' lang='lat' dir='ltr'>exercitus</span> <span class='ocrx_word' id='word_1_15' title='bbox 705 456 1031 506; x_wconf 83' lang='lat' dir='ltr'>animadvertit,</span> <span class='ocrx_word' id='word_1_16' title='bbox 1055 456 1180 510; x_wconf 87' lang='lat' dir='ltr'>signo</span> <span class='ocrx_word' id='word_1_17' title='bbox 1201 456 1306 497; x_wconf 82' lang='lat' dir='ltr'>dato</span> <span class='ocrx_word' id='word_1_18' title='bbox 1326 456 1538 498; x_wconf 87' lang='lat' dir='ltr'>recedunt</span> <span class='ocrx_word' id='word_1_19' title='bbox 1553 458 1715 500; x_wconf 86' lang='lat' dir='ltr'>cuncti.</span> 
     </span>
     <span class='ocr_line' id='line_1_4' title="bbox 261 521 1720 577; baseline 0.003 -15"><span class='ocrx_word' id='word_1_20' title='bbox 261 521 370 576; x_wconf 77' lang='lat' dir='ltr'>[4o.]</span> <span class='ocrx_word' id='word_1_21' title='bbox 398 521 586 576; x_wconf 83' lang='lat' dir='ltr'><strong>Jamque</strong></span> <span class='ocrx_word' id='word_1_22' title='bbox 607 526 787 577; x_wconf 87' lang='lat' dir='ltr'>uterque</span> <span class='ocrx_word' id='word_1_23' title='bbox 809 523 945 577; x_wconf 90' lang='lat' dir='ltr'>pleno</span> <span class='ocrx_word' id='word_1_24' title='bbox 979 523 1117 576; x_wconf 82' lang='lat' dir='ltr'>gradu</span> <span class='ocrx_word' id='word_1_25' title='bbox 1147 523 1387 563; x_wconf 83' lang='lat' dir='ltr'>advorsum</span> <span class='ocrx_word' id='word_1_26' title='bbox 1418 523 1627 565; x_wconf 90' lang='lat' dir='ltr'>incedens</span> <span class='ocrx_word' id='word_1_27' title='bbox 1654 525 1720 566; x_wconf 91' lang='lat' dir='ltr'>in·</span> 
     </span>
     <span class='ocr_line' id='line_1_5' title="bbox 261 588 1718 643; baseline 0.002 -14"><span class='ocrx_word' id='word_1_28' title='bbox 261 595 330 629; x_wconf 86' lang='lat' dir='ltr'>tra</span> <span class='ocrx_word' id='word_1_29' title='bbox 353 588 521 641; x_wconf 83' lang='lat' dir='ltr'>jactum</span> <span class='ocrx_word' id='word_1_30' title='bbox 543 589 624 630; x_wconf 88' lang='lat' dir='ltr'>teli</span> <span class='ocrx_word' id='word_1_31' title='bbox 645 594 944 643; x_wconf 83' lang='lat' dir='ltr'>pervenerant,</span> <span class='ocrx_word' id='word_1_32' title='bbox 976 603 1073 631; x_wconf 89' lang='lat' dir='ltr'>cum</span> <span class='ocrx_word' id='word_1_33' title='bbox 1096 588 1354 630; x_wconf 81' lang='lat' dir='ltr'>Alexander</span> <span class='ocrx_word' id='word_1_34' title='bbox 1375 591 1619 643; x_wconf 86' lang='lat' dir='ltr'>praevenire</span> <span class='ocrx_word' id='word_1_35' title='bbox 1641 604 1718 632; x_wconf 86' lang='lat' dir='ltr'>cu·</span> 
     </span>
     <span class='ocr_line' id='line_1_6' title="bbox 260 656 1718 711; baseline 0.003 -15"><span class='ocrx_word' id='word_1_36' title='bbox 260 656 402 708; x_wconf 87' lang='lat' dir='ltr'>piens,</span> <span class='ocrx_word' id='word_1_37' title='bbox 423 657 639 710; x_wconf 88' lang='lat' dir='ltr'>simulque</span> <span class='ocrx_word' id='word_1_38' title='bbox 676 656 824 698; x_wconf 72' lang='lat' dir='ltr'>ratus‘</span> <span class='ocrx_word' id='word_1_39' title='bbox 854 657 997 711; x_wconf 89' lang='lat' dir='ltr'>primo</span> <span class='ocrx_word' id='word_1_40' title='bbox 1026 657 1166 711; x_wconf 79' lang='lat' dir='ltr'>jaculi</span> <span class='ocrx_word' id='word_1_41' title='bbox 1198 661 1355 699; x_wconf 91' lang='lat' dir='ltr'>eventu</span> <span class='ocrx_word' id='word_1_42' title='bbox 1381 658 1527 698; x_wconf 89' lang='lat' dir='ltr'>locum</span> <span class='ocrx_word' id='word_1_43' title='bbox 1547 657 1718 700; x_wconf 85' lang='lat' dir='ltr'>vulneri</span> 
     </span>
     <span class='ocr_line' id='line_1_7' title="bbox 260 723 1717 777; baseline 0.001 -14"><span class='ocrx_word' id='word_1_44' title='bbox 260 723 548 773; x_wconf 85' lang='lat' dir='ltr'>inventurum,</span> <span class='ocrx_word' id='word_1_45' title='bbox 578 724 811 776; x_wconf 87' lang='lat' dir='ltr'>praemittit</span> <span class='ocrx_word' id='word_1_46' title='bbox 846 724 1032 773; x_wconf 81' lang='lat' dir='ltr'><strong>hastam,</strong></span> <span class='ocrx_word' id='word_1_47' title='bbox 1067 736 1206 776; x_wconf 82' lang='lat' dir='ltr'>eaque</span> <span class='ocrx_word' id='word_1_48' title='bbox 1236 723 1360 764; x_wconf 83' lang='lat' dir='ltr'>illisa</span> <span class='ocrx_word' id='word_1_49' title='bbox 1395 723 1550 777; x_wconf 87' lang='lat' dir='ltr'>clypeo</span> <span class='ocrx_word' id='word_1_50' title='bbox 1580 723 1717 765; x_wconf 85' lang='lat' dir='ltr'>facile</span> 
     </span>
     <span class='ocr_line' id='line_1_8' title="bbox 260 788 1717 844; baseline 0.003 -18"><span class='ocrx_word' id='word_1_51' title='bbox 260 788 450 830; x_wconf 82' lang='lat' dir='ltr'>decussa</span> <span class='ocrx_word' id='word_1_52' title='bbox 486 793 585 830; x_wconf 77' lang='lat' dir='ltr'>est.u</span> <span class='ocrx_word' id='word_1_53' title='bbox 645 789 762 830; x_wconf 84' lang='lat' dir='ltr'>Dein</span> <span class='ocrx_word' id='word_1_54' title='bbox 802 788 1034 830; x_wconf 82' lang='lat' dir='ltr'><strong>Menelaus</strong></span> <span class='ocrx_word' id='word_1_55' title='bbox 1074 802 1233 842; x_wconf 85' lang='lat' dir='ltr'>magno</span> <span class='ocrx_word' id='word_1_56' title='bbox 1270 791 1436 844; x_wconf 89' lang='lat' dir='ltr'>impetu</span> <span class='ocrx_word' id='word_1_57' title='bbox 1475 790 1717 844; x_wconf 83' lang='lat' dir='ltr'>jaculatur,</span> 
     </span>
     <span class='ocr_line' id='line_1_9' title="bbox 259 854 1719 911; baseline 0.002 -15"><span class='ocrx_word' id='word_1_58' title='bbox 259 854 376 897; x_wconf 77' lang='lat' dir='ltr'>haud</span> <span class='ocrx_word' id='word_1_59' title='bbox 410 868 516 896; x_wconf 81' lang='lat' dir='ltr'>sane</span> <span class='ocrx_word' id='word_1_60' title='bbox 550 855 753 897; x_wconf 86' lang='lat' dir='ltr'>dissimili</span> <span class='ocrx_word' id='word_1_61' title='bbox 779 869 915 898; x_wconf 85' lang='lat' dir='ltr'>casu:</span> <span class='ocrx_word' id='word_1_62' title='bbox 946 869 1138 910; x_wconf 83' lang='lat' dir='ltr'>namque</span> <span class='ocrx_word' id='word_1_63' title='bbox 1159 861 1314 910; x_wconf 81' lang='lat' dir='ltr'>parato</span> <span class='ocrx_word' id='word_1_64' title='bbox 1338 857 1434 911; x_wconf 84' lang='lat' dir='ltr'>jam</span> <span class='ocrx_word' id='word_1_65' title='bbox 1467 858 1523 899; x_wconf 83' lang='lat' dir='ltr'>ad</span> <span class='ocrx_word' id='word_1_66' title='bbox 1556 870 1719 899; x_wconf 89' lang='lat' dir='ltr'>caven-</span> 
     </span>
     <span class='ocr_line' id='line_1_10' title="bbox 261 923 1720 978; baseline 0.002 -16"><span class='ocrx_word' id='word_1_67' title='bbox 261 923 380 972; x_wconf 90' lang='lat' dir='ltr'>dum,</span> <span class='ocrx_word' id='word_1_68' title='bbox 401 923 623 976; x_wconf 89' lang='lat' dir='ltr'>ictumque</span> <span class='ocrx_word' id='word_1_69' title='bbox 656 923 901 964; x_wconf 78' lang='lat' dir='ltr'>declinante</span> <span class='ocrx_word' id='word_1_70' title='bbox 935 924 1077 974; x_wconf 89' lang='lat' dir='ltr'>hoste,</span> <span class='ocrx_word' id='word_1_71' title='bbox 1109 925 1247 965; x_wconf 90' lang='lat' dir='ltr'>telum</span> <span class='ocrx_word' id='word_1_72' title='bbox 1269 925 1390 965; x_wconf 90' lang='lat' dir='ltr'>humi</span> <span class='ocrx_word' id='word_1_73' title='bbox 1421 924 1599 978; x_wconf 84' lang='lat' dir='ltr'>figitur.v</span> <span class='ocrx_word' id='word_1_74' title='bbox 1656 923 1720 965; x_wconf 82' lang='lat' dir='ltr'>At</span> 
     </span>
     <span class='ocr_line' id='line_1_11' title="bbox 262 988 1720 1046; baseline 0.003 -18"><span class='ocrx_word' id='word_1_75' title='bbox 262 989 338 1029; x_wconf 85' lang='lat' dir='ltr'>ubi</span> <span class='ocrx_word' id='word_1_76' title='bbox 357 989 482 1030; x_wconf 90' lang='lat' dir='ltr'>novis</span> <span class='ocrx_word' id='word_1_77' title='bbox 495 988 690 1042; x_wconf 81' lang='lat' dir='ltr'>jaculisW</span> <span class='ocrx_word' id='word_1_78' title='bbox 704 1003 857 1031; x_wconf 80' lang='lat' dir='ltr'>manus</span> <span class='ocrx_word' id='word_1_79' title='bbox 874 991 1104 1044; x_wconf 88' lang='lat' dir='ltr'>utriusque</span> <span class='ocrx_word' id='word_1_80' title='bbox 1121 991 1381 1033; x_wconf 84' lang='lat' dir='ltr'>redarmatae</span> <span class='ocrx_word' id='word_1_81' title='bbox 1402 996 1521 1041; x_wconf 87' lang='lat' dir='ltr'>sunt,</span> <span class='ocrx_word' id='word_1_82' title='bbox 1535 995 1720 1046; x_wconf 87' lang='lat' dir='ltr'>pergunt</span> 
     </span>
     <span class='ocr_line' id='line_1_12' title="bbox 261 1054 1719 1108; baseline 0.003 -14"><span class='ocrx_word' id='word_1_83' title='bbox 261 1054 471 1096; x_wconf 83' lang='lat' dir='ltr'>contra:⁸</span> <span class='ocrx_word' id='word_1_84' title='bbox 504 1061 597 1096; x_wconf 82' lang='lat' dir='ltr'>tum</span> <span class='ocrx_word' id='word_1_85' title='bbox 635 1056 813 1097; x_wconf 87' lang='lat' dir='ltr'>demum</span> <span class='ocrx_word' id='word_1_86' title='bbox 829 1055 1098 1108; x_wconf 81' lang='lat' dir='ltr'><strong>Alexander,</strong></span> <span class='ocrx_word' id='word_1_87' title='bbox 1125 1059 1243 1100; x_wconf 89' lang='lat' dir='ltr'>ictus</span> <span class='ocrx_word' id='word_1_88' title='bbox 1271 1059 1426 1108; x_wconf 90' lang='lat' dir='ltr'>femur,</span> <span class='ocrx_word' id='word_1_89' title='bbox 1458 1059 1598 1100; x_wconf 84' lang='lat' dir='ltr'>cadit:</span> <span class='ocrx_word' id='word_1_90' title='bbox 1618 1064 1634 1081; x_wconf 72' lang='lat'>¹</span> <span class='ocrx_word' id='word_1_91' title='bbox 1665 1070 1719 1099; x_wconf 87' lang='lat' dir='ltr'>ac</span> 
     </span>
     <span class='ocr_line' id='line_1_13' title="bbox 261 1122 1721 1179; baseline 0.003 -17"><span class='ocrx_word' id='word_1_92' title='bbox 261 1135 316 1162; x_wconf 90' lang='lat' dir='ltr'>ne</span> <span class='ocrx_word' id='word_1_93' title='bbox 338 1135 445 1163; x_wconf 84' lang='lat' dir='ltr'>mox</span> <span class='ocrx_word' id='word_1_94' title='bbox 466 1122 585 1164; x_wconf 91' lang='lat' dir='ltr'>hosti</span> <span class='ocrx_word' id='word_1_95' title='bbox 605 1124 817 1165; x_wconf 90' lang='lat' dir='ltr'>ultionem</span> <span class='ocrx_word' id='word_1_96' title='bbox 840 1138 942 1165; x_wconf 89' lang='lat' dir='ltr'>cum</span> <span class='ocrx_word' id='word_1_97' title='bbox 962 1138 1134 1166; x_wconf 84' lang='lat' dir='ltr'>summa</span> <span class='ocrx_word' id='word_1_98' title='bbox 1165 1126 1305 1178; x_wconf 85' lang='lat' dir='ltr'>gloria</span> <span class='ocrx_word' id='word_1_99' title='bbox 1326 1125 1601 1176; x_wconf 85' lang='lat' dir='ltr'>concederet,</span> <span class='ocrx_word' id='word_1_100' title='bbox 1619 1137 1721 1179; x_wconf 88' lang='lat' dir='ltr'>pes-</span> 
     </span>
     <span class='ocr_line' id='line_1_14' title="bbox 261 1190 1719 1243; baseline 0.003 -14"><span class='ocrx_word' id='word_1_101' title='bbox 261 1190 375 1230; x_wconf 86' lang='lat' dir='ltr'>simo</span> <span class='ocrx_word' id='word_1_102' title='bbox 405 1190 613 1243; x_wconf 84' lang='lat' dir='ltr'>exemplo</span> <span class='ocrx_word' id='word_1_103' title='bbox 637 1191 925 1232; x_wconf 85' lang='lat' dir='ltr'>intercessum</span> <span class='ocrx_word' id='word_1_104' title='bbox 946 1198 1029 1234; x_wconf 86' lang='lat' dir='ltr'>est.</span> <span class='ocrx_word' id='word_1_105' title='bbox 1089 1192 1208 1234; x_wconf 86' lang='lat' dir='ltr'>Nam</span> <span class='ocrx_word' id='word_1_106' title='bbox 1241 1206 1342 1233; x_wconf 89' lang='lat' dir='ltr'>cum</span> <span class='ocrx_word' id='word_1_107' title='bbox 1373 1192 1429 1232; x_wconf 84' lang='lat' dir='ltr'>ad</span> <span class='ocrx_word' id='word_1_108' title='bbox 1459 1192 1719 1233; x_wconf 87' lang='lat' dir='ltr'>interficien-</span> 
     </span>
     <span class='ocr_line' id='line_1_15' title="bbox 262 1255 1719 1312; baseline 0.003 -16"><span class='ocrx_word' id='word_1_109' title='bbox 262 1255 365 1296; x_wconf 91' lang='lat' dir='ltr'>dum</span> <span class='ocrx_word' id='word_1_110' title='bbox 399 1269 499 1297; x_wconf 90' lang='lat' dir='ltr'>eum</span> <span class='ocrx_word' id='word_1_111' title='bbox 531 1256 692 1298; x_wconf 87' lang='lat' dir='ltr'>educto</span> <span class='ocrx_word' id='word_1_112' title='bbox 725 1257 876 1310; x_wconf 84' lang='lat' dir='ltr'>gladio</span> <span class='ocrx_word' id='word_1_113' title='bbox 906 1263 1137 1312; x_wconf 82' lang='lat' dir='ltr'>prorueret</span> <span class='ocrx_word' id='word_1_114' title='bbox 1168 1258 1418 1310; x_wconf 83' lang='lat' dir='ltr'>Menelaus,</span> <span class='ocrx_word' id='word_1_115' title='bbox 1447 1271 1505 1300; x_wconf 84' lang='lat' dir='ltr'>ex</span> <span class='ocrx_word' id='word_1_116' title='bbox 1540 1258 1719 1301; x_wconf 87' lang='lat' dir='ltr'>occulto</span> 
     </span>
    </p>
   </div>
   <div class='ocr_carea' id='block_1_3' title="bbox 266 1377 1720 1507">
    <p class='ocr_par' dir='ltr' id='par_1_3' title="bbox 266 1377 1720 1507">
     <span class='ocr_line' id='line_1_16' title="bbox 875 1377 1117 1390; baseline 0.008 -2"><span class='ocrx_word' id='word_1_117' title='bbox 875 1377 1117 1390; x_wconf 56' lang='grc'>,,,,,,,,,,</span> 
     </span>
     <span class='ocr_line' id='line_1_17' title="bbox 266 1462 1720 1507; baseline 0.003 -14"><span class='ocrx_word' id='word_1_118' title='bbox 266 1462 447 1504; x_wconf 76' lang='lat' dir='ltr'>legendum</span> <span class='ocrx_word' id='word_1_119' title='bbox 464 1463 620 1505; x_wconf 82' lang='lat' dir='ltr'>conjicit,</span> <span class='ocrx_word' id='word_1_120' title='bbox 635 1468 761 1504; x_wconf 76' lang='lat' dir='ltr'>paratos</span> <span class='ocrx_word' id='word_1_121' title='bbox 775 1464 872 1495; x_wconf 74' lang='lat' dir='ltr'>armis</span> <span class='ocrx_word' id='word_1_122' title='bbox 883 1474 979 1506; x_wconf 82' lang='lat' dir='ltr'>aeque.</span> <span class='ocrx_word' id='word_1_123' title='bbox 1025 1465 1108 1498; x_wconf 86' lang='lat' dir='ltr'>Mox</span> <span class='ocrx_word' id='word_1_124' title='bbox 1122 1475 1184 1507; x_wconf 92' lang='lat' dir='ltr'>pro</span> <span class='ocrx_word' id='word_1_125' title='bbox 1199 1466 1342 1502; x_wconf 77' lang='lat' dir='ltr'>incedens</span> <span class='ocrx_word' id='word_1_126' title='bbox 1359 1464 1444 1507; x_wconf 84' lang='lat' dir='ltr'>legit</span> <span class='ocrx_word' id='word_1_127' title='bbox 1461 1464 1585 1506; x_wconf 76' lang='lat' dir='ltr'>Delpli.</span> <span class='ocrx_word' id='word_1_128' title='bbox 1597 1466 1720 1498; x_wconf 77' lang='lat' dir='ltr'>cedens.</span> 
     </span>
    </p>
   </div>
   <div class='ocr_carea' id='block_1_4' title="bbox 919 1574 1062 1607">
    <p class='ocr_par' dir='ltr' id='par_1_4' title="bbox 919 1574 1062 1607">
     <span class='ocr_line' id='line_1_18' title="bbox 919 1574 1062 1607; baseline 0.007 -1"><span class='ocrx_word' id='word_1_129' title='bbox 919 1574 1062 1607; x_wconf 84' lang='lat' dir='ltr'>NOTAE</span> 
     </span>
    </p>
   </div>
   <div class='ocr_carea' id='block_1_5' title="bbox 263 1645 969 2885">
    <p class='ocr_par' dir='ltr' id='par_1_5' title="bbox 263 1645 967 2027">
     <span class='ocr_line' id='line_1_19' title="bbox 266 1645 965 1689; baseline 0.004 -12"><span class='ocrx_word' id='word_1_130' title='bbox 266 1645 439 1686; x_wconf 74' lang='grc' dir='ltr'>Μενέλαος,</span> <span class='ocrx_word' id='word_1_131' title='bbox 461 1647 663 1687; x_wconf 81' lang='grc' dir='ltr'>Ἀλέξανδρον</span> <span class='ocrx_word' id='word_1_132' title='bbox 676 1647 809 1679; x_wconf 86' lang='grc' dir='ltr'>θεοειδέα</span> <span class='ocrx_word' id='word_1_133' title='bbox 825 1648 965 1689; x_wconf 78' lang='grc' dir='ltr'>Ὀφθαλ-</span> 
     </span>
     <span class='ocr_line' id='line_1_20' title="bbox 263 1696 961 1737; baseline 0.004 -9"><span class='ocrx_word' id='word_1_134' title='bbox 263 1699 368 1735; x_wconf 77' lang='grc' dir='ltr'>μοὶσιν</span> <span class='ocrx_word' id='word_1_135' title='bbox 382 1696 461 1728; x_wconf 76' lang='grc' dir='ltr'>ἰδών·</span> <span class='ocrx_word' id='word_1_136' title='bbox 482 1696 565 1737; x_wconf 78' lang='grc' dir='ltr'>φάτο</span> <span class='ocrx_word' id='word_1_137' title='bbox 580 1698 640 1737; x_wconf 71' lang='grc' dir='ltr'>’γὰρ</span> <span class='ocrx_word' id='word_1_138' title='bbox 660 1698 805 1729; x_wconf 81' lang='grc' dir='ltr'>τίσασθαι</span> <span class='ocrx_word' id='word_1_139' title='bbox 820 1698 961 1737; x_wconf 76' lang='grc' dir='ltr'>ἆλείτην.</span> 
     </span>
     <span class='ocr_line' id='line_1_21' title="bbox 264 1747 962 1787; baseline 0.001 -9"><span class='ocrx_word' id='word_1_140' title='bbox 264 1750 272 1765; x_wconf 87' lang='lat'>‘</span> <span class='ocrx_word' id='word_1_141' title='bbox 292 1748 346 1778; x_wconf 86' lang='lat' dir='ltr'>Sic</span> <span class='ocrx_word' id='word_1_142' title='bbox 377 1747 511 1787; x_wconf 80' lang='lat' dir='ltr'>gavisus</span> <span class='ocrx_word' id='word_1_143' title='bbox 537 1752 590 1778; x_wconf 91' lang='lat' dir='ltr'>est</span> <span class='ocrx_word' id='word_1_144' title='bbox 616 1748 791 1778; x_wconf 84' lang='lat' dir='ltr'>Menelaus</span> <span class='ocrx_word' id='word_1_145' title='bbox 815 1747 962 1779; x_wconf 82' lang='lat' dir='ltr'>Alexan-</span> 
     </span>
     <span class='ocr_line' id='line_1_22' title="bbox 265 1796 964 1838; baseline 0.001 -11"><span class='ocrx_word' id='word_1_146' title='bbox 265 1798 364 1828; x_wconf 77' lang='lat' dir='ltr'>drum</span> <span class='ocrx_word' id='word_1_147' title='bbox 392 1797 464 1827; x_wconf 88' lang='lat' dir='ltr'>Deo</span> <span class='ocrx_word' id='word_1_148' title='bbox 489 1796 630 1828; x_wconf 85' lang='lat' dir='ltr'>similem</span> <span class='ocrx_word' id='word_1_149' title='bbox 655 1797 773 1829; x_wconf 83' lang='lat' dir='ltr'>Oculis</span> <span class='ocrx_word' id='word_1_150' title='bbox 789 1798 964 1838; x_wconf 87' lang='lat' dir='ltr'>conspica-</span> 
     </span>
     <span class='ocr_line' id='line_1_23' title="bbox 269 1846 967 1887; baseline 0 -9"><span class='ocrx_word' id='word_1_151' title='bbox 269 1853 322 1878; x_wconf 80' lang='lat' dir='ltr'>tus</span> <span class='ocrx_word' id='word_1_152' title='bbox 337 1858 348 1885; x_wconf 63' lang='grc' dir='ltr'><strong><em>ς</em></strong></span> <span class='ocrx_word' id='word_1_153' title='bbox 362 1846 522 1887; x_wconf 82' lang='lat' dir='ltr'>sperabat</span> <span class='ocrx_word' id='word_1_154' title='bbox 537 1847 623 1877; x_wconf 83' lang='lat' dir='ltr'>enim</span> <span class='ocrx_word' id='word_1_155' title='bbox 641 1856 676 1877; x_wconf 89' lang='lat' dir='ltr'>se</span> <span class='ocrx_word' id='word_1_156' title='bbox 693 1848 839 1877; x_wconf 82' lang='lat' dir='ltr'>ulturum</span> <span class='ocrx_word' id='word_1_157' title='bbox 857 1847 967 1878; x_wconf 83' lang='lat' dir='ltr'>inimi·</span> 
     </span>
     <span class='ocr_line' id='line_1_24' title="bbox 267 1896 966 1937; baseline 0 -9"><span class='ocrx_word' id='word_1_158' title='bbox 267 1896 366 1928; x_wconf 71' lang='lat' dir='ltr'>cum!</span> <span class='ocrx_word' id='word_1_159' title='bbox 411 1896 537 1926; x_wconf 83' lang='lat' dir='ltr'>Verum</span> <span class='ocrx_word' id='word_1_160' title='bbox 564 1897 628 1927; x_wconf 86' lang='lat' dir='ltr'>hoc</span> <span class='ocrx_word' id='word_1_161' title='bbox 653 1896 823 1927; x_wconf 84' lang='lat' dir='ltr'>Homerus</span> <span class='ocrx_word' id='word_1_162' title='bbox 839 1896 881 1927; x_wconf 91' lang='lat' dir='ltr'>de</span> <span class='ocrx_word' id='word_1_163' title='bbox 899 1897 966 1937; x_wconf 84' lang='lat' dir='ltr'>pri·</span> 
     </span>
     <span class='ocr_line' id='line_1_25' title="bbox 267 1945 966 1987; baseline 0 -10"><span class='ocrx_word' id='word_1_164' title='bbox 267 1946 317 1977; x_wconf 84' lang='lat' dir='ltr'>ori</span> <span class='ocrx_word' id='word_1_165' title='bbox 343 1955 547 1987; x_wconf 74' lang='lat' dir='ltr'>congressu,</span> <span class='ocrx_word' id='word_1_166' title='bbox 572 1945 631 1976; x_wconf 90' lang='lat' dir='ltr'>sed</span> <span class='ocrx_word' id='word_1_167' title='bbox 660 1945 787 1977; x_wconf 83' lang='lat' dir='ltr'>Noster</span> <span class='ocrx_word' id='word_1_168' title='bbox 812 1947 966 1978; x_wconf 86' lang='lat' dir='ltr'>immuta-</span> 
     </span>
     <span class='ocr_line' id='line_1_26' title="bbox 271 1997 332 2027; baseline 0.016 -1"><span class='ocrx_word' id='word_1_169' title='bbox 271 1997 332 2027; x_wconf 78' lang='lat' dir='ltr'>vlt.</span> 
     </span>
    </p>

    <p class='ocr_par' dir='ltr' id='par_1_6' title="bbox 266 2045 969 2426">
     <span class='ocr_line' id='line_1_27' title="bbox 310 2045 967 2086; baseline 0.002 -10"><span class='ocrx_word' id='word_1_170' title='bbox 310 2050 321 2065; x_wconf 75' lang='lat'>³</span> <span class='ocrx_word' id='word_1_171' title='bbox 346 2046 481 2076; x_wconf 73' lang='lat' dir='ltr'>Paratus</span> <span class='ocrx_word' id='word_1_172' title='bbox 505 2045 602 2076; x_wconf 80' lang='lat' dir='ltr'>armis</span> <span class='ocrx_word' id='word_1_173' title='bbox 623 2048 716 2085; x_wconf 82' lang='lat' dir='ltr'>atque</span> <span class='ocrx_word' id='word_1_174' title='bbox 739 2045 867 2086; x_wconf 80' lang='lat' dir='ltr'>animis]</span> <span class='ocrx_word' id='word_1_175' title='bbox 890 2046 967 2077; x_wconf 88' lang='lat' dir='ltr'>Vox</span> 
     </span>
     <span class='ocr_line' id='line_1_28' title="bbox 266 2094 967 2127; baseline 0 -1"><span class='ocrx_word' id='word_1_176' title='bbox 266 2098 276 2112; x_wconf 82' lang='lat'><strong>⁶</strong></span> <span class='ocrx_word' id='word_1_177' title='bbox 291 2095 412 2126; x_wconf 88' lang='lat' dir='ltr'>animis</span> <span class='ocrx_word' id='word_1_178' title='bbox 425 2094 435 2109; x_wconf 89' lang='lat'>&#39;</span> <span class='ocrx_word' id='word_1_179' title='bbox 456 2094 553 2125; x_wconf 85' lang='lat' dir='ltr'>deest</span> <span class='ocrx_word' id='word_1_180' title='bbox 569 2095 601 2125; x_wconf 87' lang='lat' dir='ltr'>in</span> <span class='ocrx_word' id='word_1_181' title='bbox 619 2095 726 2125; x_wconf 85' lang='lat' dir='ltr'>Mss.:</span> <span class='ocrx_word' id='word_1_182' title='bbox 753 2100 786 2126; x_wconf 90' lang='lat' dir='ltr'>et</span> <span class='ocrx_word' id='word_1_183' title='bbox 803 2105 884 2126; x_wconf 88' lang='lat' dir='ltr'>sane</span> <span class='ocrx_word' id='word_1_184' title='bbox 901 2105 967 2127; x_wconf 89' lang='lat' dir='ltr'>non</span> 
     </span>
     <span class='ocr_line' id='line_1_29' title="bbox 268 2143 969 2185; baseline 0.003 -11"><span class='ocrx_word' id='word_1_185' title='bbox 268 2145 369 2175; x_wconf 68' lang='lat' dir='ltr'>iidem</span> <span class='ocrx_word' id='word_1_186' title='bbox 383 2144 483 2175; x_wconf 88' lang='lat' dir='ltr'>animi</span> <span class='ocrx_word' id='word_1_187' title='bbox 505 2143 631 2182; x_wconf 84' lang='lat' dir='ltr'>Paridi,</span> <span class='ocrx_word' id='word_1_188' title='bbox 646 2144 700 2185; x_wconf 86' lang='lat' dir='ltr'>qni</span> <span class='ocrx_word' id='word_1_189' title='bbox 718 2150 855 2175; x_wconf 84' lang='lat' dir='ltr'>coactus</span> <span class='ocrx_word' id='word_1_190' title='bbox 869 2154 888 2175; x_wconf 86' lang='lat' dir='ltr'>a</span> <span class='ocrx_word' id='word_1_191' title='bbox 901 2144 969 2176; x_wconf 87' lang='lat' dir='ltr'>fra-</span> 
     </span>
     <span class='ocr_line' id='line_1_30' title="bbox 269 2193 968 2235; baseline 0.001 -10"><span class='ocrx_word' id='word_1_192' title='bbox 269 2195 378 2226; x_wconf 81' lang='lat' dir='ltr'>tribus</span> <span class='ocrx_word' id='word_1_193' title='bbox 409 2194 542 2225; x_wconf 81' lang='lat' dir='ltr'>redibat</span> <span class='ocrx_word' id='word_1_194' title='bbox 575 2193 616 2224; x_wconf 90' lang='lat' dir='ltr'>ad</span> <span class='ocrx_word' id='word_1_195' title='bbox 649 2203 808 2234; x_wconf 80' lang='lat' dir='ltr'>pugnam,</span> <span class='ocrx_word' id='word_1_196' title='bbox 839 2195 968 2235; x_wconf 88' lang='lat' dir='ltr'>pudore</span> 
     </span>
     <span class='ocr_line' id='line_1_31' title="bbox 271 2243 968 2286; baseline 0.003 -12"><span class='ocrx_word' id='word_1_197' title='bbox 271 2245 381 2284; x_wconf 82' lang='lat' dir='ltr'>potius</span> <span class='ocrx_word' id='word_1_198' title='bbox 407 2253 505 2284; x_wconf 85' lang='lat' dir='ltr'>quam</span> <span class='ocrx_word' id='word_1_199' title='bbox 524 2243 660 2275; x_wconf 84' lang='lat' dir='ltr'>ferocia.</span> <span class='ocrx_word' id='word_1_200' title='bbox 706 2245 826 2276; x_wconf 82' lang='lat' dir='ltr'>Scribe</span> <span class='ocrx_word' id='word_1_201' title='bbox 847 2246 857 2261; x_wconf 91' lang='lat'>‘</span> <span class='ocrx_word' id='word_1_202' title='bbox 872 2254 968 2286; x_wconf 84' lang='lat' dir='ltr'>para-</span> 
     </span>
     <span class='ocr_line' id='line_1_32' title="bbox 272 2293 969 2335; baseline 0 -9"><span class='ocrx_word' id='word_1_203' title='bbox 272 2301 323 2326; x_wconf 83' lang='lat' dir='ltr'>tos</span> <span class='ocrx_word' id='word_1_204' title='bbox 341 2295 442 2325; x_wconf 80' lang='lat' dir='ltr'>armis</span> <span class='ocrx_word' id='word_1_205' title='bbox 459 2293 579 2335; x_wconf 86' lang='lat' dir='ltr'>aeqne‚&#39;</span> <span class='ocrx_word' id='word_1_206' title='bbox 602 2293 664 2324; x_wconf 85' lang='lat' dir='ltr'>boc</span> <span class='ocrx_word' id='word_1_207' title='bbox 681 2298 745 2334; x_wconf 86' lang='lat' dir='ltr'>est,</span> <span class='ocrx_word' id='word_1_208' title='bbox 765 2294 900 2335; x_wconf 87' lang='lat' dir='ltr'>paribus</span> <span class='ocrx_word' id='word_1_209' title='bbox 917 2304 969 2326; x_wconf 89' lang='lat' dir='ltr'>ar-</span> 
     </span>
     <span class='ocr_line' id='line_1_33' title="bbox 272 2343 967 2386; baseline 0 -10"><span class='ocrx_word' id='word_1_210' title='bbox 272 2346 334 2376; x_wconf 78' lang='lat' dir='ltr'>mis</span> <span class='ocrx_word' id='word_1_211' title='bbox 351 2345 553 2382; x_wconf 80' lang='lat' dir='ltr'>instructos3</span> <span class='ocrx_word' id='word_1_212' title='bbox 571 2343 661 2385; x_wconf 84' lang='lat' dir='ltr'>quod</span> <span class='ocrx_word' id='word_1_213' title='bbox 675 2345 862 2386; x_wconf 84' lang='lat' dir='ltr'>sanejusto</span> <span class='ocrx_word' id='word_1_214' title='bbox 874 2344 967 2376; x_wconf 86' lang='lat' dir='ltr'>duel·</span> 
     </span>
     <span class='ocr_line' id='line_1_34' title="bbox 272 2395 561 2426; baseline -0.003 0"><span class='ocrx_word' id='word_1_215' title='bbox 272 2397 305 2426; x_wconf 91' lang='lat' dir='ltr'>lo</span> <span class='ocrx_word' id='word_1_216' title='bbox 322 2395 561 2426; x_wconf 78' lang='lat' dir='ltr'>necessarium.</span> 
     </span>
    </p>

    <p class='ocr_par' dir='ltr' id='par_1_7' title="bbox 269 2444 969 2885">
     <span class='ocr_line' id='line_1_35' title="bbox 313 2444 969 2486; baseline 0 -10"><span class='ocrx_word' id='word_1_217' title='bbox 313 2448 321 2465; x_wconf 70' lang='lat'><em>²</em></span> <span class='ocrx_word' id='word_1_218' title='bbox 345 2444 527 2477; x_wconf 77' lang='lat' dir='ltr'>Praevem&#39;re</span> <span class='ocrx_word' id='word_1_219' title='bbox 547 2444 683 2484; x_wconf 81' lang='lat' dir='ltr'>cupiens,</span> <span class='ocrx_word' id='word_1_220' title='bbox 703 2444 853 2485; x_wconf 74' lang='lat' dir='ltr'>simulque</span> <span class='ocrx_word' id='word_1_221' title='bbox 865 2445 969 2486; x_wconf 79' lang='lat' dir='ltr'>ratus]</span> 
     </span>
     <span class='ocr_line' id='line_1_36' title="bbox 271 2493 967 2526; baseline 0 0"><span class='ocrx_word' id='word_1_222' title='bbox 271 2494 319 2526; x_wconf 87' lang='lat' dir='ltr'>At</span> <span class='ocrx_word' id='word_1_223' title='bbox 345 2494 486 2526; x_wconf 86' lang='lat' dir='ltr'>Homer.</span> <span class='ocrx_word' id='word_1_224' title='bbox 516 2494 634 2525; x_wconf 83' lang='lat' dir='ltr'>scribit</span> <span class='ocrx_word' id='word_1_225' title='bbox 660 2493 694 2525; x_wconf 85' lang='lat' dir='ltr'>id</span> <span class='ocrx_word' id='word_1_226' title='bbox 726 2498 819 2525; x_wconf 84' lang='lat' dir='ltr'>sorte</span> <span class='ocrx_word' id='word_1_227' title='bbox 850 2495 967 2526; x_wconf 86' lang='lat' dir='ltr'>Paridi</span> 
     </span>
     <span class='ocr_line' id='line_1_37' title="bbox 270 2544 967 2584; baseline 0.001 -9"><span class='ocrx_word' id='word_1_228' title='bbox 270 2545 466 2584; x_wconf 82' lang='lat' dir='ltr'>contigisse,</span> <span class='ocrx_word' id='word_1_229' title='bbox 478 2548 516 2575; x_wconf 88' lang='lat' dir='ltr'>ut</span> <span class='ocrx_word' id='word_1_230' title='bbox 532 2544 624 2584; x_wconf 88' lang='lat' dir='ltr'>prior</span> <span class='ocrx_word' id='word_1_231' title='bbox 638 2544 767 2575; x_wconf 78' lang='lat' dir='ltr'>hastam</span> <span class='ocrx_word' id='word_1_232' title='bbox 783 2544 967 2576; x_wconf 84' lang='lat' dir='ltr'>emitteret.</span> 
     </span>
     <span class='ocr_line' id='line_1_38' title="bbox 271 2591 967 2634; baseline 0.001 -10"><span class='ocrx_word' id='word_1_233' title='bbox 271 2593 412 2633; x_wconf 79' lang='grc' dir='ltr'>Κλήρους</span> <span class='ocrx_word' id='word_1_234' title='bbox 424 2593 458 2624; x_wconf 82' lang='grc' dir='ltr'>ἐν</span> <span class='ocrx_word' id='word_1_235' title='bbox 471 2591 562 2634; x_wconf 86' lang='grc' dir='ltr'>κυνέῃ</span> <span class='ocrx_word' id='word_1_236' title='bbox 573 2591 730 2634; x_wconf 77' lang='grc' dir='ltr'>χαλκήρεϊ</span> <span class='ocrx_word' id='word_1_237' title='bbox 742 2591 867 2624; x_wconf 79' lang='grc' dir='ltr'>πάλλον</span> <span class='ocrx_word' id='word_1_238' title='bbox 881 2592 967 2625; x_wconf 81' lang='grc' dir='ltr'>ἕλον-</span> 
     </span>
     <span class='ocr_line' id='line_1_39' title="bbox 269 2642 967 2684; baseline 0 -10"><span class='ocrx_word' id='word_1_239' title='bbox 269 2654 335 2681; x_wconf 84' lang='grc' dir='ltr'>τες,</span> <span class='ocrx_word' id='word_1_240' title='bbox 358 2642 551 2684; x_wconf 83' lang='grc' dir='ltr'>Ὅππότερος</span> <span class='ocrx_word' id='word_1_241' title='bbox 572 2642 609 2680; x_wconf 80' lang='grc' dir='ltr'>δὴ</span> <span class='ocrx_word' id='word_1_242' title='bbox 623 2642 757 2683; x_wconf 86' lang='grc' dir='ltr'>πρόσθεν</span> <span class='ocrx_word' id='word_1_243' title='bbox 776 2642 869 2683; x_wconf 78' lang='grc' dir='ltr'>ἀφείη</span> <span class='ocrx_word' id='word_1_244' title='bbox 884 2642 967 2682; x_wconf 81' lang='grc' dir='ltr'>χάλ-</span> 
     </span>
     <span class='ocr_line' id='line_1_40' title="bbox 272 2691 967 2733; baseline -0.001 -9"><span class='ocrx_word' id='word_1_245' title='bbox 272 2705 342 2724; x_wconf 83' lang='grc' dir='ltr'>κεον</span> <span class='ocrx_word' id='word_1_246' title='bbox 357 2692 467 2733; x_wconf 78' lang='grc' dir='ltr'>ἔγχος.</span> <span class='ocrx_word' id='word_1_247' title='bbox 498 2693 556 2731; x_wconf 82' lang='lat' dir='ltr'>Et,</span> <span class='ocrx_word' id='word_1_248' title='bbox 571 2691 683 2733; x_wconf 79' lang='grc' dir='ltr'>Πάριος</span> <span class='ocrx_word' id='word_1_249' title='bbox 698 2691 731 2724; x_wconf 82' lang='grc' dir='ltr'>δὲ</span> <span class='ocrx_word' id='word_1_250' title='bbox 746 2691 821 2724; x_wconf 72' lang='grc' dir='ltr'>θοῶς</span> <span class='ocrx_word' id='word_1_251' title='bbox 836 2692 872 2723; x_wconf 80' lang='grc' dir='ltr'>ἐκ</span> <span class='ocrx_word' id='word_1_252' title='bbox 890 2693 967 2730; x_wconf 83' lang='grc' dir='ltr'>κλῆ-</span> 
     </span>
     <span class='ocr_line' id='line_1_41' title="bbox 271 2744 967 2784; baseline -0.001 -9"><span class='ocrx_word' id='word_1_253' title='bbox 271 2755 323 2783; x_wconf 83' lang='grc' dir='ltr'>ρος</span> <span class='ocrx_word' id='word_1_254' title='bbox 346 2744 483 2783; x_wconf 80' lang='grc' dir='ltr'>ὄρουσεν.</span> <span class='ocrx_word' id='word_1_255' title='bbox 524 2745 533 2761; x_wconf 92' lang='lat'><em>‘</em></span> <span class='ocrx_word' id='word_1_256' title='bbox 550 2744 668 2775; x_wconf 87' lang='lat' dir='ltr'>Sortes</span> <span class='ocrx_word' id='word_1_257' title='bbox 694 2744 728 2775; x_wconf 91' lang='lat' dir='ltr'>in</span> <span class='ocrx_word' id='word_1_258' title='bbox 756 2744 856 2784; x_wconf 84' lang='lat' dir='ltr'>galea</span> <span class='ocrx_word' id='word_1_259' title='bbox 876 2753 967 2775; x_wconf 85' lang='lat' dir='ltr'>aerea</span> 
     </span>
     <span class='ocr_line' id='line_1_42' title="bbox 270 2793 965 2835; baseline 0 -11"><span class='ocrx_word' id='word_1_260' title='bbox 270 2795 500 2834; x_wconf 80' lang='lat' dir='ltr'>conjecerunt,</span> <span class='ocrx_word' id='word_1_261' title='bbox 516 2793 651 2825; x_wconf 87' lang='lat' dir='ltr'>ducturi</span> <span class='ocrx_word' id='word_1_262' title='bbox 665 2795 753 2826; x_wconf 85' lang='lat' dir='ltr'>Uter</span> <span class='ocrx_word' id='word_1_263' title='bbox 765 2794 859 2835; x_wconf 88' lang='lat' dir='ltr'>prior</span> <span class='ocrx_word' id='word_1_264' title='bbox 869 2794 965 2825; x_wconf 89' lang='lat' dir='ltr'>emit-</span> 
     </span>
     <span class='ocr_line' id='line_1_43' title="bbox 273 2843 966 2885; baseline 0 -11"><span class='ocrx_word' id='word_1_265' title='bbox 273 2849 361 2875; x_wconf 78' lang='lat' dir='ltr'>teret</span> <span class='ocrx_word' id='word_1_266' title='bbox 377 2853 499 2876; x_wconf 84' lang='lat' dir='ltr'>aeream</span> <span class='ocrx_word' id='word_1_267' title='bbox 524 2843 678 2876; x_wconf 57' lang='lat' dir='ltr'>hastam?</span> <span class='ocrx_word' id='word_1_268' title='bbox 722 2844 780 2885; x_wconf 85' lang='lat' dir='ltr'>Et,</span> <span class='ocrx_word' id='word_1_269' title='bbox 802 2844 812 2861; x_wconf 90' lang='lat'>‘</span> <span class='ocrx_word' id='word_1_270' title='bbox 830 2843 966 2875; x_wconf 81' lang='lat' dir='ltr'>Paridis</span> 
     </span>
    </p>
   </div>
   <div class='ocr_carea' id='block_1_6' title="bbox 1016 1646 1723 2333">
    <p class='ocr_par' dir='ltr' id='par_1_8' title="bbox 1017 1646 1432 1682">
     <span class='ocr_line' id='line_1_44' title="bbox 1017 1646 1432 1682; baseline -0.005 0"><span class='ocrx_word' id='word_1_271' title='bbox 1017 1654 1131 1682; x_wconf 85' lang='lat' dir='ltr'>autem</span> <span class='ocrx_word' id='word_1_272' title='bbox 1148 1659 1219 1680; x_wconf 86' lang='lat' dir='ltr'>sors</span> <span class='ocrx_word' id='word_1_273' title='bbox 1236 1648 1306 1680; x_wconf 83' lang='lat' dir='ltr'>cito</span> <span class='ocrx_word' id='word_1_274' title='bbox 1324 1646 1432 1680; x_wconf 63' lang='lat' dir='ltr'>exiit!</span> 
     </span>
    </p>

    <p class='ocr_par' dir='ltr' id='par_1_9' title="bbox 1016 1697 1723 2079">
     <span class='ocr_line' id='line_1_45' title="bbox 1060 1697 1719 1740; baseline -0.003 -9"><span class='ocrx_word' id='word_1_275' title='bbox 1060 1706 1074 1720; x_wconf 78' lang='lat'>¹¹</span> <span class='ocrx_word' id='word_1_276' title='bbox 1105 1701 1210 1740; x_wconf 81' lang='lat' dir='ltr'>anue</span> <span class='ocrx_word' id='word_1_277' title='bbox 1235 1700 1318 1730; x_wconf 79' lang='lat' dir='ltr'>illisa</span> <span class='ocrx_word' id='word_1_278' title='bbox 1341 1700 1445 1738; x_wconf 80' lang='lat' dir='ltr'>clypeo</span> <span class='ocrx_word' id='word_1_279' title='bbox 1463 1697 1564 1735; x_wconf 80' lang='lat' dir='ltr'>facile</span> <span class='ocrx_word' id='word_1_280' title='bbox 1590 1697 1719 1729; x_wconf 77' lang='lat' dir='ltr'>decussa</span> 
     </span>
     <span class='ocr_line' id='line_1_46' title="bbox 1016 1745 1720 1790; baseline -0.003 -10"><span class='ocrx_word' id='word_1_281' title='bbox 1016 1750 1078 1790; x_wconf 80' lang='lat' dir='ltr'>est]</span> <span class='ocrx_word' id='word_1_282' title='bbox 1105 1750 1155 1779; x_wconf 85' lang='lat' dir='ltr'>Ex</span> <span class='ocrx_word' id='word_1_283' title='bbox 1174 1748 1324 1779; x_wconf 87' lang='lat' dir='ltr'>Homero</span> <span class='ocrx_word' id='word_1_284' title='bbox 1341 1758 1349 1778; x_wconf 91' lang='lat'>:</span> <span class='ocrx_word' id='word_1_285' title='bbox 1375 1746 1433 1777; x_wconf 78' lang='grc' dir='ltr'>Καὶ</span> <span class='ocrx_word' id='word_1_286' title='bbox 1448 1745 1550 1782; x_wconf 83' lang='grc' dir='ltr'>βάλεν</span> <span class='ocrx_word' id='word_1_287' title='bbox 1562 1746 1720 1787; x_wconf 79' lang='grc' dir='ltr'>Ἀτρείδαο</span> 
     </span>
     <span class='ocr_line' id='line_1_47' title="bbox 1016 1796 1720 1838; baseline -0.003 -8"><span class='ocrx_word' id='word_1_288' title='bbox 1016 1799 1083 1830; x_wconf 80' lang='grc' dir='ltr'>κατ’</span> <span class='ocrx_word' id='word_1_289' title='bbox 1099 1799 1214 1830; x_wconf 77' lang='grc' dir='ltr'>ἀσπίδα</span> <span class='ocrx_word' id='word_1_290' title='bbox 1234 1797 1371 1829; x_wconf 78' lang='grc' dir='ltr'>πάντοσε</span> <span class='ocrx_word' id='word_1_291' title='bbox 1396 1796 1480 1835; x_wconf 80' lang='grc' dir='ltr'>ἷσὴν,</span> <span class='ocrx_word' id='word_1_292' title='bbox 1494 1797 1567 1828; x_wconf 81' lang='grc' dir='ltr'>Οὐδ’</span> <span class='ocrx_word' id='word_1_293' title='bbox 1594 1797 1720 1838; x_wconf 80' lang='grc' dir='ltr'>ἔῤῥηξεν</span> 
     </span>
     <span class='ocr_line' id='line_1_48' title="bbox 1017 1845 1722 1888; baseline -0.003 -9"><span class='ocrx_word' id='word_1_294' title='bbox 1017 1848 1151 1888; x_wconf 82' lang='grc' dir='ltr'>χαλκὸν,</span> <span class='ocrx_word' id='word_1_295' title='bbox 1166 1847 1364 1887; x_wconf 74' lang='grc' dir='ltr'>ἀνεγνάμφθη</span> <span class='ocrx_word' id='word_1_296' title='bbox 1387 1845 1422 1877; x_wconf 86' lang='grc' dir='ltr'>δέ</span> <span class='ocrx_word' id='word_1_297' title='bbox 1443 1847 1472 1877; x_wconf 82' lang='grc' dir='ltr'>οἱ</span> <span class='ocrx_word' id='word_1_298' title='bbox 1487 1845 1586 1886; x_wconf 78' lang='grc' dir='ltr'>αἰχμὴ</span> <span class='ocrx_word' id='word_1_299' title='bbox 1599 1846 1722 1878; x_wconf 77' lang='grc' dir='ltr'>Ἀσπίδι</span> 
     </span>
     <span class='ocr_line' id='line_1_49' title="bbox 1017 1895 1720 1939; baseline -0.001 -11"><span class='ocrx_word' id='word_1_300' title='bbox 1017 1899 1051 1928; x_wconf 90' lang='grc' dir='ltr'>ἐν</span> <span class='ocrx_word' id='word_1_301' title='bbox 1065 1898 1210 1939; x_wconf 76' lang='grc' dir='ltr'>κρατερῇ.</span> <span class='ocrx_word' id='word_1_302' title='bbox 1237 1899 1246 1915; x_wconf 90' lang='lat'><strong>‘</strong></span> <span class='ocrx_word' id='word_1_303' title='bbox 1260 1898 1305 1928; x_wconf 90' lang='lat' dir='ltr'>Et</span> <span class='ocrx_word' id='word_1_304' title='bbox 1321 1895 1416 1927; x_wconf 73' lang='lat' dir='ltr'>feriit</span> <span class='ocrx_word' id='word_1_305' title='bbox 1436 1896 1568 1927; x_wconf 85' lang='lat' dir='ltr'>Atridae</span> <span class='ocrx_word' id='word_1_306' title='bbox 1585 1901 1720 1928; x_wconf 83' lang='lat' dir='ltr'>scutum</span> 
     </span>
     <span class='ocr_line' id='line_1_50' title="bbox 1017 1945 1723 1988; baseline -0.003 -10"><span class='ocrx_word' id='word_1_307' title='bbox 1017 1948 1165 1988; x_wconf 85' lang='lat' dir='ltr'>undique</span> <span class='ocrx_word' id='word_1_308' title='bbox 1180 1947 1325 1988; x_wconf 80' lang='lat' dir='ltr'>aequale,</span> <span class='ocrx_word' id='word_1_309' title='bbox 1343 1946 1464 1986; x_wconf 88' lang='lat' dir='ltr'>Neque</span> <span class='ocrx_word' id='word_1_310' title='bbox 1488 1945 1646 1987; x_wconf 85' lang='lat' dir='ltr'>perrupit</span> <span class='ocrx_word' id='word_1_311' title='bbox 1663 1956 1723 1985; x_wconf 66' lang='grc' dir='ltr'>ωε,</span> 
     </span>
     <span class='ocr_line' id='line_1_51' title="bbox 1016 1996 1721 2037; baseline -0.001 -9"><span class='ocrx_word' id='word_1_312' title='bbox 1016 1998 1077 2029; x_wconf 86' lang='lat' dir='ltr'>sed</span> <span class='ocrx_word' id='word_1_313' title='bbox 1095 1996 1222 2028; x_wconf 85' lang='lat' dir='ltr'>reflexa</span> <span class='ocrx_word' id='word_1_314' title='bbox 1238 2001 1290 2028; x_wconf 87' lang='lat' dir='ltr'>est</span> <span class='ocrx_word' id='word_1_315' title='bbox 1308 1996 1356 2027; x_wconf 90' lang='lat' dir='ltr'>illi</span> <span class='ocrx_word' id='word_1_316' title='bbox 1373 1996 1488 2037; x_wconf 88' lang='lat' dir='ltr'>cuspis</span> <span class='ocrx_word' id='word_1_317' title='bbox 1512 1996 1553 2027; x_wconf 92' lang='lat' dir='ltr'>In</span> <span class='ocrx_word' id='word_1_318' title='bbox 1579 1996 1721 2028; x_wconf 88' lang='lat' dir='ltr'>robusto</span> 
     </span>
     <span class='ocr_line' id='line_1_52' title="bbox 1019 2047 1142 2079; baseline 0.008 -1"><span class='ocrx_word' id='word_1_319' title='bbox 1019 2047 1142 2079; x_wconf 82' lang='lat' dir='ltr'>scuto.&#39;</span> 
     </span>
    </p>

    <p class='ocr_par' dir='ltr' id='par_1_10' title="bbox 1023 2095 1721 2277">
     <span class='ocr_line' id='line_1_53' title="bbox 1062 2095 1314 2128; baseline -0.008 0"><span class='ocrx_word' id='word_1_320' title='bbox 1062 2102 1076 2116; x_wconf 70' lang='lat' dir='ltr'>V</span> <span class='ocrx_word' id='word_1_321' title='bbox 1103 2097 1206 2128; x_wconf 85' lang='lat' dir='ltr'>Telum</span> <span class='ocrx_word' id='word_1_322' title='bbox 1229 2095 1314 2127; x_wconf 80' lang='lat' dir='ltr'>humi</span> 
     </span>
     <span class='ocr_line' id='line_1_54' title="bbox 1023 2146 1721 2186; baseline -0.001 -9"><span class='ocrx_word' id='word_1_323' title='bbox 1023 2146 1141 2177; x_wconf 87' lang='lat' dir='ltr'>scribit</span> <span class='ocrx_word' id='word_1_324' title='bbox 1166 2147 1318 2177; x_wconf 88' lang='lat' dir='ltr'>lanceam</span> <span class='ocrx_word' id='word_1_325' title='bbox 1343 2150 1476 2176; x_wconf 86' lang='lat' dir='ltr'>scutum</span> <span class='ocrx_word' id='word_1_326' title='bbox 1507 2150 1721 2186; x_wconf 85' lang='lat' dir='ltr'>penetrasse,</span> 
     </span>
     <span class='ocr_line' id='line_1_55' title="bbox 1023 2195 1720 2235; baseline -0.001 -8"><span class='ocrx_word' id='word_1_327' title='bbox 1023 2196 1169 2227; x_wconf 86' lang='lat' dir='ltr'>tunicam</span> <span class='ocrx_word' id='word_1_328' title='bbox 1186 2195 1416 2235; x_wconf 84' lang='lat' dir='ltr'>discidisse,et</span> <span class='ocrx_word' id='word_1_329' title='bbox 1430 2195 1533 2226; x_wconf 81' lang='lat' dir='ltr'>Parin</span> <span class='ocrx_word' id='word_1_330' title='bbox 1549 2195 1720 2227; x_wconf 85' lang='lat' dir='ltr'>declinan-</span> 
     </span>
     <span class='ocr_line' id='line_1_56' title="bbox 1023 2245 1423 2277; baseline -0.003 0"><span class='ocrx_word' id='word_1_331' title='bbox 1023 2250 1091 2277; x_wconf 89' lang='lat' dir='ltr'>tem</span> <span class='ocrx_word' id='word_1_332' title='bbox 1110 2250 1251 2275; x_wconf 85' lang='lat' dir='ltr'>mortem</span> <span class='ocrx_word' id='word_1_333' title='bbox 1266 2245 1423 2276; x_wconf 85' lang='lat' dir='ltr'>evitasse.</span> 
     </span>
    </p>

    <p class='ocr_par' dir='ltr' id='par_1_11' title="bbox 1064 2292 1720 2333">
     <span class='ocr_line' id='line_1_57' title="bbox 1064 2292 1720 2333; baseline 0 -9"><span class='ocrx_word' id='word_1_334' title='bbox 1064 2299 1084 2313; x_wconf 70' lang='lat' dir='ltr'>W</span> <span class='ocrx_word' id='word_1_335' title='bbox 1108 2293 1347 2333; x_wconf 77' lang='lat' dir='ltr'>Novisjaculis]</span> <span class='ocrx_word' id='word_1_336' title='bbox 1372 2293 1440 2324; x_wconf 85' lang='lat' dir='ltr'>Sed</span> <span class='ocrx_word' id='word_1_337' title='bbox 1457 2292 1573 2324; x_wconf 84' lang='lat' dir='ltr'>falsum</span> <span class='ocrx_word' id='word_1_338' title='bbox 1591 2297 1644 2324; x_wconf 90' lang='lat' dir='ltr'>est</span> <span class='ocrx_word' id='word_1_339' title='bbox 1660 2302 1720 2324; x_wconf 83' lang='lat' dir='ltr'>eos</span> 
     </span>
    </p>
   </div>
   <div class='ocr_carea' id='block_1_7' title="bbox 1361 2095 1720 2136">
    <p class='ocr_par' dir='ltr' id='par_1_12' title="bbox 1361 2095 1720 2136">
     <span class='ocr_line' id='line_1_58' title="bbox 1361 2095 1720 2136; baseline 0.003 -10"><span class='ocrx_word' id='word_1_340' title='bbox 1361 2095 1467 2136; x_wconf 76' lang='lat' dir='ltr'>gitur]</span> <span class='ocrx_word' id='word_1_341' title='bbox 1503 2095 1551 2127; x_wconf 88' lang='lat' dir='ltr'>At</span> <span class='ocrx_word' id='word_1_342' title='bbox 1576 2095 1720 2127; x_wconf 85' lang='lat' dir='ltr'>Homer.</span> 
     </span>
    </p>
   </div>
   <div class='ocr_carea' id='block_1_8' title="bbox 1019 2343 1720 2836">
    <p class='ocr_par' dir='ltr' id='par_1_13' title="bbox 1020 2343 1719 2433">
     <span class='ocr_line' id='line_1_59' title="bbox 1021 2343 1719 2383; baseline 0 -9"><span class='ocrx_word' id='word_1_343' title='bbox 1021 2353 1125 2374; x_wconf 90' lang='lat' dir='ltr'>novas</span> <span class='ocrx_word' id='word_1_344' title='bbox 1151 2343 1264 2373; x_wconf 86' lang='lat' dir='ltr'>hastas</span> <span class='ocrx_word' id='word_1_345' title='bbox 1285 2343 1458 2383; x_wconf 83' lang='lat' dir='ltr'>sumsisse;</span> <span class='ocrx_word' id='word_1_346' title='bbox 1483 2352 1559 2374; x_wconf 88' lang='lat' dir='ltr'>nam</span> <span class='ocrx_word' id='word_1_347' title='bbox 1581 2343 1719 2376; x_wconf 87' lang='lat' dir='ltr'>ensibus</span> 
     </span>
     <span class='ocr_line' id='line_1_60' title="bbox 1020 2390 1334 2433; baseline -0.006 -8"><span class='ocrx_word' id='word_1_348' title='bbox 1020 2393 1184 2433; x_wconf 80' lang='lat' dir='ltr'>impetum</span> <span class='ocrx_word' id='word_1_349' title='bbox 1207 2390 1334 2423; x_wconf 80' lang='lat' dir='ltr'>fecere.</span> 
     </span>
    </p>

    <p class='ocr_par' dir='ltr' id='par_1_14' title="bbox 1019 2441 1720 2836">
     <span class='ocr_line' id='line_1_61' title="bbox 1064 2441 1720 2482; baseline 0.002 -9"><span class='ocrx_word' id='word_1_350' title='bbox 1064 2448 1079 2463; x_wconf 70' lang='grc' dir='ltr'><strong>Χ</strong></span> <span class='ocrx_word' id='word_1_351' title='bbox 1096 2443 1183 2473; x_wconf 78' lang='lat' dir='ltr'>Ictus</span> <span class='ocrx_word' id='word_1_352' title='bbox 1191 2441 1307 2478; x_wconf 84' lang='lat' dir='ltr'>femur,</span> <span class='ocrx_word' id='word_1_353' title='bbox 1322 2441 1422 2482; x_wconf 80' lang='lat' dir='ltr'>cadit]</span> <span class='ocrx_word' id='word_1_354' title='bbox 1439 2442 1490 2472; x_wconf 87' lang='lat' dir='ltr'>Ex</span> <span class='ocrx_word' id='word_1_355' title='bbox 1505 2441 1655 2473; x_wconf 88' lang='lat' dir='ltr'>Homero</span> <span class='ocrx_word' id='word_1_356' title='bbox 1669 2446 1720 2474; x_wconf 89' lang='lat' dir='ltr'>ta-</span> 
     </span>
     <span class='ocr_line' id='line_1_62' title="bbox 1021 2491 1719 2531; baseline -0.001 -6"><span class='ocrx_word' id='word_1_357' title='bbox 1021 2502 1098 2525; x_wconf 87' lang='lat' dir='ltr'>men</span> <span class='ocrx_word' id='word_1_358' title='bbox 1115 2491 1311 2523; x_wconf 86' lang='lat' dir='ltr'>Alexander</span> <span class='ocrx_word' id='word_1_359' title='bbox 1333 2491 1529 2523; x_wconf 87' lang='lat' dir='ltr'>vulneratus</span> <span class='ocrx_word' id='word_1_360' title='bbox 1545 2501 1610 2523; x_wconf 90' lang='lat' dir='ltr'>non</span> <span class='ocrx_word' id='word_1_361' title='bbox 1627 2491 1694 2524; x_wconf 80' lang='lat' dir='ltr'>fuit</span> <span class='ocrx_word' id='word_1_362' title='bbox 1709 2503 1719 2531; x_wconf 82' lang='lat'>3</span> 
     </span>
     <span class='ocr_line' id='line_1_63' title="bbox 1021 2541 1720 2582; baseline -0.001 -8"><span class='ocrx_word' id='word_1_363' title='bbox 1021 2542 1081 2574; x_wconf 88' lang='lat' dir='ltr'>sed</span> <span class='ocrx_word' id='word_1_364' title='bbox 1097 2551 1172 2573; x_wconf 87' lang='lat' dir='ltr'>eum</span> <span class='ocrx_word' id='word_1_365' title='bbox 1189 2541 1366 2572; x_wconf 86' lang='lat' dir='ltr'>Menelaus</span> <span class='ocrx_word' id='word_1_366' title='bbox 1387 2541 1486 2581; x_wconf 85' lang='lat' dir='ltr'>galea</span> <span class='ocrx_word' id='word_1_367' title='bbox 1501 2541 1668 2582; x_wconf 81' lang='lat' dir='ltr'>corripuit</span> <span class='ocrx_word' id='word_1_368' title='bbox 1683 2547 1720 2573; x_wconf 90' lang='lat' dir='ltr'>et</span> 
     </span>
     <span class='ocr_line' id='line_1_64' title="bbox 1020 2589 1718 2634; baseline -0.003 -10"><span class='ocrx_word' id='word_1_369' title='bbox 1020 2591 1231 2634; x_wconf 73' lang='lat' dir='ltr'>praefocabat</span> <span class='ocrx_word' id='word_1_370' title='bbox 1247 2590 1357 2630; x_wconf 89' lang='lat' dir='ltr'>ipsum</span> <span class='ocrx_word' id='word_1_371' title='bbox 1372 2590 1414 2621; x_wconf 90' lang='lat' dir='ltr'>ad</span> <span class='ocrx_word' id='word_1_372' title='bbox 1431 2599 1466 2621; x_wconf 88' lang='lat' dir='ltr'>se</span> <span class='ocrx_word' id='word_1_373' title='bbox 1479 2589 1626 2629; x_wconf 83' lang='lat' dir='ltr'>ducens3</span> <span class='ocrx_word' id='word_1_374' title='bbox 1642 2600 1718 2622; x_wconf 85' lang='lat' dir='ltr'>cnm</span> 
     </span>
     <span class='ocr_line' id='line_1_65' title="bbox 1020 2640 1719 2681; baseline -0.001 -7"><span class='ocrx_word' id='word_1_375' title='bbox 1020 2643 1149 2677; x_wconf 85' lang='lat' dir='ltr'>Venus,</span> <span class='ocrx_word' id='word_1_376' title='bbox 1180 2645 1281 2681; x_wconf 83' lang='lat' dir='ltr'>rupto</span> <span class='ocrx_word' id='word_1_377' title='bbox 1318 2640 1403 2679; x_wconf 86' lang='lat' dir='ltr'>loro,</span> <span class='ocrx_word' id='word_1_378' title='bbox 1441 2649 1516 2670; x_wconf 87' lang='lat' dir='ltr'>eum</span> <span class='ocrx_word' id='word_1_379' title='bbox 1555 2640 1719 2680; x_wconf 87' lang='lat' dir='ltr'>abripuit.</span> 
     </span>
     <span class='ocr_line' id='line_1_66' title="bbox 1019 2689 1720 2731; baseline -0.009 -7"><span class='ocrx_word' id='word_1_380' title='bbox 1019 2692 1086 2725; x_wconf 89' lang='lat' dir='ltr'>Sed</span> <span class='ocrx_word' id='word_1_381' title='bbox 1104 2692 1231 2724; x_wconf 87' lang='lat' dir='ltr'>Noster</span> <span class='ocrx_word' id='word_1_382' title='bbox 1246 2689 1402 2731; x_wconf 84' lang='lat' dir='ltr'>qnaedam</span> <span class='ocrx_word' id='word_1_383' title='bbox 1427 2689 1629 2730; x_wconf 83' lang='lat' dir='ltr'>immutavit,</span> <span class='ocrx_word' id='word_1_384' title='bbox 1640 2690 1720 2721; x_wconf 79' lang='lat' dir='ltr'>alia.</span> 
     </span>
     <span class='ocr_line' id='line_1_67' title="bbox 1020 2738 1717 2784; baseline -0.003 -10"><span class='ocrx_word' id='word_1_385' title='bbox 1020 2753 1085 2784; x_wconf 88' lang='lat' dir='ltr'>que</span> <span class='ocrx_word' id='word_1_386' title='bbox 1111 2741 1290 2781; x_wconf 78' lang='lat' dir='ltr'>praeteriit,</span> <span class='ocrx_word' id='word_1_387' title='bbox 1316 2749 1389 2781; x_wconf 84' lang='lat' dir='ltr'>quae</span> <span class='ocrx_word' id='word_1_388' title='bbox 1417 2738 1499 2771; x_wconf 81' lang='lat' dir='ltr'>ferri</span> <span class='ocrx_word' id='word_1_389' title='bbox 1526 2748 1593 2772; x_wconf 89' lang='lat' dir='ltr'>non</span> <span class='ocrx_word' id='word_1_390' title='bbox 1619 2748 1717 2781; x_wconf 86' lang='lat' dir='ltr'>posse</span> 
     </span>
     <span class='ocr_line' id='line_1_68' title="bbox 1020 2792 1165 2836; baseline -0.021 -11"><span class='ocrx_word' id='word_1_391' title='bbox 1020 2792 1165 2836; x_wconf 86' lang='lat' dir='ltr'>putavit.</span> 
     </span>
    </p>
   </div>
  </div>
 </body>
</html>
