1915 3231
434 368 496 397 DE
529 368 685 398 annno
717 367 943 398 ‘rRosANo
977 368 1073 399 Lm.
1106 369 1149 399 v.
1421 362 1505 402 257

65 462 225 515 tigerat
244 460 457 514 praedam,
480 465 559 503 aut
580 474 639 502 ex
665 461 870 515 captiviS,
891 465 1103 514 quantum
1132 473 1213 515 pro
1244 461 1398 504 merito
1420 463 1507 505 dis-

66 528 349 577 tribuebatur,
385 527 590 568 habuere.
648 526 762 581 [14]
794 527 975 569 Interim
1007 541 1141 581 super
1171 528 1408 569 Palladioy
1442 531 1508 570 in-

66 607 170 647 gens
191 597 410 635 certamen
428 594 541 635 inter
563 608 611 636 se
631 595 816 636 ducibus
834 598 1048 644 exortum,
1065 593 1209 648 AJace
1222 595 1508 637 Telamonis⁶

65 660 372 714 expostulante
393 661 439 701 in
460 674 615 702 munus
635 661 734 711 sibi,
753 674 835 715 pro
856 661 927 702 his
948 674 1049 715 quae
1068 662 1110 702 in
1127 661 1321 715 singulos
1336 663 1510 704 univer-

67 739 231 781 sosque
250 727 410 769 virtute
441 731 576 782 atque
605 728 823 770 industria
842 740 923 769 sua
943 728 1203 770 contulerat.
1264 728 1416 780 Quare
1435 741 1512 770 co-

68 793 158 834 acti
177 806 301 847 paene
321 807 483 845 omnes,
505 795 638 836 simul
657 795 723 836 uti
751 808 806 836 ne
834 794 1065 836 laederetur
1089 795 1261 837 animus
1283 796 1392 837 tanti
1412 796 1511 846 viri,

68 861 195 915 quus
215 861 430 914 praeclara
455 862 655 903 facinora
673 861 933 915 vigiliasque
956 874 1035 915 pro
1056 862 1258 904 exercitu
1289 862 1335 904 in
1364 864 1511 904 animo

67 926 331 978 retinebant,
364 929 610 970 concedunt
640 928 788 983 Ajaci,
819 929 1141 970 renitentibus⁷
1174 929 1284 970 solis
1321 930 1513 972 omnium

70 993 290 1036 Diomede
321 999 458 1049 atque
493 995 688 1050 Ulysse:
719 1008 803 1036 sua
821 995 990 1049 quippe
1021 995 1186 1048 opera⁸
1217 996 1263 1036 id
1293 997 1511 1039 ablatum:

71 1065 226 1102 contra
251 1061 368 1115 AJax
397 1061 623 1111 affirmare,
651 1074 736 1103 non
766 1061 918 1103 labore
949 1065 1023 1103 aut
1052 1062 1216 1104 virtute
1247 1076 1399 1104 eorum
1425 1077 1515 1106 rem

71 1131 240 1179 gestam
261 1141 271 1169 t
321 1127 586 1170 Antenorem
624 1141 813 1182 namque
852 1128 1226 1182 contemplatione
1275 1132 1516 1172 communis

72 1194 281 1236 amicitiae
300 1195 555 1237 abstulisse.
625 1194 740 1236 Tum
765 1193 1003 1235 Diomedes
1022 1194 1182 1236 honori
1204 1195 1301 1250 ejus
1332 1210 1410 1250 per
1441 1210 1517 1238 ve-

73 1261 328 1304 recundiam
351 1262 615 1312 concedens,
635 1274 662 1303 a
681 1260 917 1303 certamine
937 1261 1119 1303 destitit.
1168 1262 1312 1315 Igitur
1332 1263 1518 1317 Ulysses

73 1339 176 1368 cum
197 1328 339 1382 Ajace
359 1342 528 1370 summa
546 1330 590 1371 vi
607 1327 868 1370 contendere
888 1327 996 1368 inter
1013 1341 1075 1377 se,
1093 1332 1224 1382 atque
1244 1329 1433 1371 invicem
1453 1331 1519 1371 in-

75 1394 254 1438 dustriae
272 1397 437 1438 meritis
457 1396 756 1450 expostulare,
787 1395 1085 1437 annitentibus
1118 1395 1277 1449 Ulyssi
1311 1395 1518 1439 Menelao

76 1466 210 1515 atque
232 1460 573 1516 Agamemnone,
596 1462 654 1503 ob
678 1466 898 1503 servatam
919 1461 1058 1514 paulo
1093 1467 1196 1503 ante
1228 1475 1361 1516 opera
1389 1463 1485 1517 ejus
1502 1470 1519 1496 ⁹

75 1527 308 1570 Helenam.
366 1528 573 1582 Namque
595 1532 697 1583 post
714 1532 893 1582 captum
914 1527 1072 1568 Iliumz
1099 1527 1238 1582 Ajax,
1259 1530 1521 1572 recordatus

74 1607 225 1635 eorum
247 1607 347 1650 quae
364 1595 502 1637 tantis
523 1595 861 1648 tempestatibus
882 1598 1062 1648 propter
1080 1595 1299 1637 mulierem
1320 1598 1522 1650 perpessi

74 1661 333 1716 expertique
353 1666 512 1711 essent,
538 1661 705 1716 primus
736 1661 930 1702 omnium
959 1661 1147 1703 interfici
1181 1675 1277 1703 eam
1303 1662 1521 1716 jusserat:

69 1727 249 1781 Jamque
269 1728 615 1781 approbantibus
638 1727 868 1768 consilium
891 1727 1048 1782 Ajacis
1075 1728 1223 1769 multis
1242 1729 1388 1779 bonis,
1421 1728 1523 1770 Me-

76 1793 244 1844 uetans,
266 1807 457 1835 amorem
478 1794 674 1848 conjugii
695 1794 830 1835 etiam
850 1798 951 1835 tunc
972 1795 1178 1845 retinens,
1210 1795 1408 1848 singulos
1430 1808 1523 1837 am-

76 1859 234 1901 biendo
256 1861 511 1914 orandoque
533 1860 588 1902 ad
605 1865 876 1915 postremum
906 1860 1165 1914 perfecerat,
1195 1862 1260 1903 uti
1279 1862 1525 1903 intercessu

78 1924 253 1979 Ulyssis
288 1927 466 1969 Helena
486 1927 722 1968 incolumis
746 1927 835 1968 sibi
862 1927 1117 1969 traderetur.
1180 1928 1340 1981 Itaque
1361 1929 1522 1969 veluti¹

72 1992 245 2046 judicio
268 1995 496 2037 amborum
516 1995 669 2036 merita
684 1999 701 2016 α
731 1997 1002 2047 spectantes,
1025 1994 1125 2047 quis
1145 1995 1279 2036 etiam
1299 2007 1413 2036 nunc
1432 1995 1526 2037 bel-

678 2113 915 2127 eeeeeeeeeeee

77 2190 217 2220 num—4
238 2188 359 2230 Delph.
374 2194 578 2231 quorum—5
602 2189 784 2222 omittitur
800 2190 922 2221 vocula
943 2188 992 2220 ita
1017 2186 1050 2220 in
1076 2188 1272 2228 Delph.--6
1295 2188 1419 2229 Delph.
1437 2188 1527 2220 Tela-

76 2230 253 2263 monio.—-7
277 2231 400 2274 Delph.
423 2232 776 2265 contradicentibus.-s
800 2233 886 2265 Post
909 2242 1000 2273 opera
1021 2231 1126 2263 habet
1144 2230 1272 2272 Delph.
1287 2230 1527 2263 insinuantibus.

734 2337 877 2371 NOTAE

120 2402 133 2426 r
157 2397 259 2439 Super
283 2398 442 2440 Palladio]
476 2399 575 2432 Idem
598 2400 719 2432 Suidas
737 2405 774 2433 et

80 2449 266 2482 Cedrenus.
309 2451 437 2482 Verum
451 2451 773 2494 Homerus,Sopho-

81 2499 162 2538 cles,
184 2503 221 2532 et
246 2499 304 2531 alii
326 2510 443 2532 omnes
460 2501 614 2541 tradunt,
632 2501 774 2542 Ajacem

80 2552 117 2579 et
131 2547 288 2588 Ulyssem
311 2558 378 2581 non
393 2549 437 2581 de
461 2550 631 2592 Palladio,
654 2551 714 2582 sed
732 2549 775 2582 de

81 2597 182 2629 armis
197 2597 338 2630 Achillis
353 2599 579 2631 contendisse.

121 2654 134 2670 2
156 2649 300 2689 Namque
312 2653 382 2690 post
403 2653 525 2691 captum
542 2649 651 2690 Ilium]
683 2650 774 2682 Nus·

81 2706 181 2738 quam
208 2698 289 2730 alibi
313 2699 401 2731 istud
429 2701 592 2741 reperias.
636 2699 706 2732 Sed
730 2710 774 2732 ae-

80 2756 183 2787 quum
204 2751 258 2778 est
278 2749 450 2781 oculatum
473 2754 596 2782 testem
620 2750 776 2793 quaedam

80 2796 221 2838 addere,
253 2807 330 2838 quae
363 2799 454 2840 apud
483 2800 611 2832 auritos
641 2804 775 2831 tantum

18 2859 25 2876 ι
80 2844 207 2877 frustra
221 2856 364 2887 quaeras.
406 2849 478 2889 Ego
502 2859 582 2881 vero
607 2849 777 2889 existimo,

23 2906 31 2918 ·-
82 2894 171 2926 istud
195 2904 238 2925 ex
264 2896 338 2936 ipso
357 2897 501 2937 Virgilio
527 2899 689 2932 Nostrum
717 2909 776 2930 ex-

127 2948 242 2988 Delph.
255 2951 285 2979 et
302 2948 378 2980 Vur.
395 2950 479 2981 Clas.

827 2399 1012 2442 pressisse:
1050 2400 1078 2431 is
1105 2399 1193 2431 enim
1220 2398 1353 2438 scribit,
1378 2408 1421 2430 11.
1449 2398 1525 2431 AEn.

826 2451 936 2491 ipsum
952 2450 1090 2481 AEneam
1114 2449 1157 2480 de
1179 2453 1288 2480 morte
1311 2449 1455 2480 Helenae
1471 2458 1528 2480 co·

826 2500 964 2541 gitasse,
979 2499 1041 2531 sed
1060 2509 1080 2531 a
1095 2500 1231 2530 Venere
1254 2499 1318 2530 alio
1341 2499 1526 2530 abductum

827 2549 956 2581 fuisse:
990 2549 1181 2580 ‘Exarsere
1204 2548 1299 2589 ignes
1320 2549 1444 2589 animo,
1472 2558 1527 2580 sn-

828 2600 879 2633 bit
900 2600 951 2631 ira
972 2599 1151 2631 cadentem
1168 2598 1297 2630 Ulcisci
1320 2599 1465 2638 patriam
1489 2603 1527 2630 et

829 2651 1011 2682 sceleratas
1051 2658 1184 2680 sumere
1221 2648 1362 2689 poenas.'
1411 2648 1500 2680 Item
1514 2659 1525 2681 z

827 2700 1048 2732 ‘Extinxisse
1077 2698 1175 2730 nefas
1204 2702 1330 2738 tamen,
1365 2701 1401 2729 et
1436 2708 1526 2730 sum-

829 2750 912 2782 sisse
928 2749 1091 2781 merentis
1107 2747 1289 2780 Laudabor
1310 2757 1439 2789 poenas,
1455 2748 1526 2780 ani-

829 2808 987 2840 mumque
1021 2798 1178 2839 explesse
1208 2797 1345 2838 juvabit
1381 2797 1525 2829 Ultricis

828 2848 985 2889 flammae,
1002 2852 1038 2879 et
1052 2847 1182 2879 cineres
1195 2847 1337 2878 satiasse
1351 2847 1528 2879 meorum!

862 2903 876 2919 ³
884 2899 995 2940 ltaque
1003 2898 1099 2931 veluti
1107 2898 1228 2937 judicio
1235 2898 1390 2929 amborum
1397 2897 1526 2939 merita]

713 2951 803 2983 Dict.
822 2951 908 2984 Cret.
1409 2950 1440 2981 R
