1915 3231
245 265 329 308 136
702 275 913 306 nicrvos
945 274 1219 306 CRETENSIS

243 373 487 420 cursarent,
521 375 839 423 praeparentur.
898 371 968 412 Ita
989 370 1147 411 diebus
1175 367 1352 423 paucis,
1374 368 1698 424 quinquaginta

245 438 426 480 navium
447 437 636 478 classem
657 437 913 479 instructam
935 437 1056 478 omni
1075 449 1232 490 genere
1253 437 1551 490 compingunt.
1613 437 1697 479 Ce—

246 512 389 548 terum
420 505 477 546 ab
510 505 685 557 incepto
718 505 886 546 militiae
918 505 1028 559 ejus,
1060 509 1220 545 octavo
1251 504 1346 558 jam
1379 517 1492 546 anno
1523 504 1581 546 ad
1610 505 1697 546 hoc

244 586 389 627 usque
411 577 618 626 tempusq
651 577 897 622 consumto,
927 572 1101 612 initium
1126 571 1233 612 noni
1259 574 1529 625 occoeperat.
1587 570 1698 623 [10.]

245 638 308 680 At
325 639 402 680 ubi
423 639 650 680 instructae
672 639 924 680 omnimodo
939 638 953 662 ⁸
991 639 1159 680 classes
1189 642 1232 679 et
1260 650 1380 680 mare
1400 638 1566 691 navigii
1584 639 1701 692 pati-

246 711 357 756 ens,r
384 719 529 760 neque
558 706 649 747 ulla
683 719 753 746 res
789 706 1105 759 impedimento
1136 709 1240 755 erat,
1262 705 1467 759 Scythas,
1489 706 1567 760 qui
1585 706 1701 747 forte

246 775 472 816 mercandi
509 774 647 827 gratia
687 774 984 827 appulerant,9
1027 772 1275 815 conductos
1313 774 1529 824 mercede,
1565 773 1701 815 duces

246 841 532 895 profectionis
554 841 664 894 ejus,
683 840 897 892 delegere.
939 840 1028 880 Per
1047 840 1163 880 idem
1185 844 1358 893 tempus
1372 840 1601 894 Telephus
1619 840 1700 882 do-

246 910 337 950 lore
358 908 551 949 vulneris
572 907 683 961 ejus,
705 907 826 960 quod
854 907 897 947 in
927 908 1079 960 praelio
1100 907 1333 949 adversum
1355 907 1542 949 Graecos
1572 919 1703 948 acce-

247 978 386 1028 perat,
407 974 483 1015 diu
505 974 755 1022 afflictata,
785 987 884 1014 cum
905 973 1028 1014 nullo
1049 974 1239 1014 remedio
1260 974 1429 1015 mederi
1447 979 1614 1027 posset,
1643 975 1701 1015 ad

247 1046 515 1095 postremum
536 1039 758 1093 Apollinis
778 1039 958 1080 oraculo
977 1041 1187 1090 monitus,
1217 1041 1284 1081 uti
1313 1039 1532 1081 Achillem
1566 1045 1699 1095 atque

247 1107 504 1161 AEsculapii
525 1107 665 1148 filioss
686 1107 943 1156 adhiberet,¹
968 1119 1155 1160 propere
1175 1106 1319 1160 Argos
1337 1107 1530 1159 navigat.
1582 1107 1702 1148 Dein

249 1175 421 1215 cunctis
438 1174 622 1215 ducibus
644 1186 822 1215 causam
844 1173 1060 1214 adventus
1080 1174 1176 1227 ejus
1190 1173 1529 1223 admirantibus,
1546 1185 1703 1215 oracu-

249 1242 337 1282 lum
358 1241 500 1290 refert,
521 1245 655 1294 atque
675 1241 739 1282 ita
760 1244 869 1288 orat,
890 1253 944 1280 ne
967 1240 1053 1281 sibi
1081 1240 1346 1293 praedictum
1375 1240 1613 1281 remedium
1644 1240 1702 1280 ab

250 1308 403 1349 amicis
433 1311 677 1361 negaretur.
737 1306 854 1358 Quae
886 1309 963 1348 ubi
997 1320 1224 1361 accepere,
1242 1306 1439 1349 Achilles
1469 1320 1568 1348 cum
1600 1306 1702 1348 Ma-

250 1375 417 1416 chaone
438 1379 484 1416 et
505 1374 732 1416 Podalirio
754 1374 1008 1416 adhibentes
1028 1387 1178 1416 curam
1200 1375 1399 1426 vulneri,t
1427 1375 1550 1417 brevi
1570 1374 1702 1416 fidem

864 1492 1106 1506 eeeeeeeeeee

249 1570 427 1611 appulerant
444 1569 526 1611 legit
541 1570 666 1610 Delph.
682 1573 792 1602 e0.—-l
819 1570 944 1611 Delph.
961 1570 1138 1602 (κῆνοι-2
1154 1568 1283 1610 Delph.
1300 1568 1598 1609 incipientibus—3
1615 1569 1703 1601 Post

903 1686 1048 1719 NOTAE

295 1779 310 1800 q
336 1774 454 1804 Octavo
461 1771 531 1811 jam
546 1782 625 1803 anno
640 1772 680 1802 ad
694 1772 750 1803 hoc
764 1781 859 1812 usque
873 1775 950 1803 tem·

251 1823 324 1864 pus]
350 1822 404 1853 Ad
429 1822 621 1852 institutum
639 1831 736 1852 suum
762 1822 890 1862 pergit,
913 1827 951 1853 ut

253 1874 386 1904 scilicet
410 1872 451 1902 ad
476 1880 599 1902 nonum
623 1881 746 1902 annum
762 1872 951 1911 expeditio-

253 1933 329 1953 nem
348 1922 546 1953 Graecorum
564 1920 689 1957 trahat,
713 1926 749 1952 et
776 1931 864 1953 nouo
882 1926 953 1953 tan·

254 1977 325 2004 tum
342 1982 398 2003 eos
414 1971 566 2012 applicet
580 1981 648 2002 orae
664 1971 834 2011 Trojanae.

297 2026 308 2041 ¹
332 2022 422 2052 Mare
445 2021 567 2060 navigii
585 2021 723 2062 patiens]
753 2021 811 2052 Sic
835 2021 953 2053 ‘terra

255 2071 389 2112 patiens
406 2070 537 2102 aratri.¹

296 2127 308 2142 ὃ
330 2122 388 2153 Uti
402 2120 553 2153 Achillem
567 2124 661 2161 atque
669 2121 843 2161 AEsculapiz'
849 2120 953 2162 filios]

255 2172 311 2203 De
329 2170 464 2202 Achille
491 2175 622 2201 tantum
644 2171 793 2201 locutum
810 2175 864 2202 est
879 2180 953 2202 ora·

255 2222 367 2253 culum
398 2225 438 2252 ut
470 2219 581 2251 refert
613 2219 744 2260 Hygin.
778 2218 847 2251 fab.
879 2223 954 2251 101.

256 2273 265 2290 ‘
283 2273 493 2312 Responsum
510 2275 564 2302 est
581 2270 627 2309 ei,
644 2270 811 2302 neminem
822 2270 952 2302 mederi

256 2332 356 2364 posse
371 2321 435 2353 nisi
451 2320 594 2352 eandem
609 2320 738 2352 hastam
756 2330 822 2362 qua
837 2321 953 2352 vulne-

257 2378 348 2405 ratus
361 2371 462 2404 erat!

299 2424 309 2442 ²
330 2421 521 2454 Adhibentes
536 2430 641 2452 curam
652 2421 787 2462 vulneri]
809 2420 953 2453 Quidam

257 2472 424 2507 scribunt,
441 2471 608 2502 Achillem
631 2471 754 2502 iterum
775 2471 874 2502 hasta
894 2479 955 2502 sua

258 2523 454 2553 vulnerasse
470 2521 673 2562 Telephum,
689 2525 726 2552 et
744 2522 794 2552 ita
809 2530 886 2552 eum
902 2530 954 2552 sa-

258 2582 370 2610 nasse,
401 2571 458 2602 sed
489 2580 607 2602 verum
638 2572 739 2612 hujus
769 2571 954 2602 curationis

257 2622 393 2653 modum
418 2630 479 2652 nos
507 2621 609 2652 docet
632 2621 762 2661 Hygin.
786 2620 857 2652 fab.
882 2622 956 2651 101.

257 2672 267 2688 ‘
283 2672 366 2703 Cum
384 2670 498 2702 Graeci
519 2670 561 2700 ab
578 2669 712 2701 Achille
736 2673 897 2710 peterent
916 2674 956 2701 ut

259 2720 445 2761 Telephum
468 2724 617 2754 sanaret,
641 2719 793 2750 Achilles
817 2728 955 2760 respon-

262 2771 324 2811 dit,
348 2780 384 2801 se
413 2774 518 2801 artem
548 2769 715 2800 medicam
741 2778 808 2800 non
835 2767 957 2810 posse-⁹

261 2821 365 2862 (lego,
382 2829 414 2851 se
428 2822 496 2851 arte
511 2819 628 2851 medica
642 2828 701 2850 non
712 2817 831 2860 posse.)
861 2818 954 2850 Tunc

1005 1771 1147 1811 Ulysses
1163 1770 1233 1802 ait:
1259 1770 1338 1802 Non
1354 1772 1390 1801 te
1405 1769 1488 1800 dicit
1498 1768 1632 1810 Apollo,
1643 1770 1704 1801 sed

1005 1825 1179 1852 auctorem
1203 1820 1349 1851 vulneris
1371 1819 1502 1850 hastam
1528 1820 1703 1852 nominat:

1005 1881 1102 1912 quam
1120 1881 1197 1902 cum
1215 1871 1387 1905 rasissent,
1404 1868 1611 1900 remediatus
1627 1870 1706 1901 est!

1002 1921 1060 1952 Sic
1090 1920 1251 1951 ramentis
1280 1920 1389 1951 hastae
1419 1923 1574 1951 sanatum
1604 1920 1705 1953 Tele-

1005 1971 1106 2012 phum
1124 1971 1263 2011 scripsit
1273 1969 1426 2011 Euripid.
1454 1971 1614 2010 Πριιντοΐσι
1627 1970 1705 2010 λόγ-

1003 2033 1066 2062 χης
1078 2021 1226 2060 θέλγεται
1236 2020 1408 2061 ῥινήμασιν.
1419 2020 1428 2038 ‘
1441 2019 1583 2052 Abrasis
1594 2021 1704 2053 hastae

1004 2072 1174 2103 mulcetur
1190 2070 1372 2102 ramentis!
1414 2069 1484 2101 Alii
1506 2069 1607 2102 herba
1623 2080 1706 2112 qua-

1004 2121 1082 2152 dam
1099 2130 1195 2151 usum
1212 2119 1377 2151 Achillem
1400 2118 1534 2158 dicunt,
1558 2119 1615 2150 alii
1630 2119 1708 2160 ipsa

1004 2170 1111 2202 hastae
1127 2169 1294 2210 aerugine.
1316 2168 1408 2200 Plin.
1424 2176 1514 2199 xxv.
1529 2171 1562 2199 5.
1577 2169 1587 2185 ‘
1603 2168 1704 2199 Inve-

1005 2220 1058 2252 nit
1090 2225 1124 2251 et
1155 2219 1305 2251 Achilles
1336 2218 1522 2259 discipulus
1547 2217 1705 2250 Chironis

1005 2279 1073 2310 qua
1087 2269 1284 2300 vulneribus
1299 2268 1507 2303 mederetur,
1520 2277 1596 2308 quae
1612 2267 1656 2299 ob
1669 2267 1705 2299 id

1005 2319 1179 2350 Achilleos
1194 2322 1346 2350 vocatur.
1392 2317 1426 2349 H
1431 2327 1471 2349 ac
1488 2327 1626 2349 sanasse
1640 2318 1707 2349 Te-

1005 2369 1142 2410 lephum
1159 2369 1297 2401 dicitur.
1341 2367 1411 2399 Alii
1427 2369 1570 2408 primum
1583 2369 1706 2410 aerugi-

1006 2428 1082 2450 nem
1094 2420 1260 2451 invenisse
1271 2418 1486 2450 utilissimum
1499 2419 1707 2459 emplastris,

1006 2470 1151 2512 ideoque
1161 2470 1312 2511 pingitur
1322 2479 1364 2501 ex
1375 2469 1515 2509 cuspide
1526 2469 1706 2502 decutiens

1008 2529 1083 2552 eam
1106 2519 1217 2560 gladio
1244 2519 1277 2550 in
1294 2519 1414 2550 vulnus
1437 2518 1590 2559 Telephi.
1632 2518 1706 2550 Alii

1007 2575 1153 2611 utroque
1178 2578 1276 2600 usum
1302 2567 1553 2599 medicamento
1566 2567 1708 2599 volunt!

1009 2622 1054 2652 Et
1071 2628 1206 2652 xxxrv.
1222 2621 1276 2650 15.
1298 2619 1308 2635 ‘
1321 2619 1382 2649 Est
1397 2621 1434 2649 et
1449 2617 1568 2657 rubigo
1583 2617 1657 2658 ipsa
1671 2617 1706 2649 in

1009 2670 1181 2708 remediis,
1203 2674 1238 2700 et
1263 2668 1312 2700 sic
1334 2667 1523 2708 Telephum
1550 2667 1708 2709 proditur

1009 2729 1145 2752 sanasse
1165 2718 1338 2758 Achilles;
1361 2717 1433 2748 sive
1458 2717 1492 2748 id
1520 2727 1610 2749 aerea
1633 2718 1707 2750 sive

1009 2768 1122 2801 ferrea
1137 2768 1278 2809 cuspide
1294 2767 1391 2799 fecit.
1435 2766 1491 2798 Ita
1513 2771 1610 2800 certe
1632 2768 1707 2810 piu-

1009 2819 1101 2860 gitur
1117 2828 1188 2849 eam
1205 2818 1382 2850 decutiens
1399 2816 1535 2858 gladio.’
