1915 3231
252 270 335 312 108
717 280 929 310 mc'rvos
964 280 1237 310 CRETENsls

250 388 333 429 per
367 375 551 417 dolum⁸
596 375 762 427 legatos
804 374 1164 415 circumveniant.
1225 372 1482 414 Credebant
1520 373 1700 427 quippe,

251 442 370 496 quod
389 456 478 483 non
499 442 661 483 frustra
691 455 771 482 eos
799 442 988 490 habuit,⁹
1019 441 1056 481 si
1086 441 1219 493 legati
1249 440 1506 492 imperfecto
1525 441 1701 492 negotio

251 510 544 558 revertissent,
574 508 664 549 fore
685 509 749 548 uti
774 507 1006 548 adversum
1026 520 1073 547 se
1094 507 1258 560 grande
1280 506 1483 559 praelium
1505 507 1701 547 concita—

252 581 379 616 retur.
440 575 578 628 Igitur
597 574 810 624 Antenor,
842 574 969 626 cujus
1003 573 1056 614 de
1089 574 1326 614 sanctitate
1359 586 1529 613 morum
1565 585 1701 626 supra

251 643 602 691 memoravimus,
636 641 863 682 Priamum
901 641 1118 690 convenit,
1148 640 1581 692 coniurationemque
1609 639 1703 681 fac-

250 713 338 748 tam
369 709 669 762 conqueritur:
700 708 817 748 filios
846 707 1013 761 quippe
1047 707 1144 759 ejus
1174 719 1262 746 non
1299 706 1475 758 legatis,
1507 705 1586 746 sed
1622 706 1701 746 ad-

249 788 402 815 versus
437 779 524 815 sew
553 774 736 815 insidias
768 786 937 827 parare,
966 786 1111 826 neque
1142 773 1186 813 id
1219 785 1267 813 se
1296 785 1556 825 passurum:
1598 773 1701 813 dein

249 853 337 880 non
356 841 492 881 multo
513 845 614 894 post
633 841 788 892 legatis
808 853 897 880 rem
917 840 1068 892 aperit.
1127 839 1196 879 Ita
1217 838 1461 891 exploratis
1479 839 1700 888 omnibus,

250 906 449 947 adhibito
487 906 714 959 praesidio,
749 918 848 946 cum
880 905 1071 958 primum
1107 910 1399 958 opportunum
1433 905 1580 946 visum
1618 909 1701 955 est,

249 973 486 1013 inviolatos
527 985 605 1012 eos
650 972 843 1012 dimittit.
913 971 1018 1022 [12]
1059 970 1181 1010 Dum
1221 971 1319 1011 haec
1360 971 1477 1024 apud
1515 970 1700 1024 Trojam

250 1045 449 1091 aguntur,
480 1039 765 1080 disseminata
793 1038 888 1091 Jam
920 1049 1000 1090 per
1031 1037 1284 1078 universam
1313 1036 1536 1078 Graeciam
1562 1036 1698 1086 fama,

249 1118 398 1145 omnes
428 1104 689 1157 PelopidaeX
718 1105 763 1144 in
793 1116 926 1143 unum
959 1104 1241 1152 conveniunt,
1273 1107 1405 1155 atque
1438 1103 1701 1156 interposita

242 1170 526 1223 jurisjurandi
555 1170 798 1222 religione,y
826 1170 869 1209 ni
893 1168 1068 1209 Helena
1088 1181 1188 1209 cum
1217 1169 1413 1221 abreptis
1436 1169 1700 1218 redderetur,

250 1237 409 1277 bellum
439 1250 487 1278 se
519 1236 699 1277 Priamo
737 1236 940 1276 illaturos
970 1233 1240 1275 confirmant.
1299 1235 1454 1287 Legati
1490 1235 1700 1276 Lacedae-

249 1317 422 1344 monam
440 1309 451 1327 ¹
484 1303 690 1353 redeunt3
731 1302 786 1343 de
811 1302 999 1350 Helena,
1029 1300 1214 1354 ejusque
1237 1301 1483 1351 voluntate,
1513 1305 1698 1343 narrant.

250 1371 369 1410 Dein
399 1370 566 1410 Priami
594 1369 872 1422 filiorumque
902 1369 999 1422 ejus
1040 1368 1273 1409 adversum
1312 1381 1358 1409 se
1400 1368 1521 1409 dieta
1554 1374 1700 1421 gesta-

249 1450 362 1490 que3
413 1436 576 1488 grande
615 1436 885 1488 praeconium
924 1434 1028 1475 fidei
1070 1447 1173 1487 erga
1209 1435 1381 1487 legatos
1419 1434 1698 1476 Antenorisz

249 1502 546 1555 praeferentes.
618 1501 734 1552 Quae
765 1502 844 1542 ubi
875 1514 1104 1554 accepere,
1137 1501 1402 1542 decernunt²
1443 1502 1508 1543 uti
1539 1503 1699 1555 singuli

247 1570 291 1609 in
321 1570 412 1609 suis
441 1570 551 1610 loeis
584 1573 718 1621 atque
751 1568 949 1621 imperiis
983 1580 1092 1620 opes
1121 1568 1226 1608 belli
1255 1572 1422 1621 parent.
1480 1568 1619 1620 Igitur
1639 1581 1699 1609 ex

249 1636 428 1677 concilii
456 1636 686 1685 sententia,
719 1639 988 1688 opportunus
1013 1635 1137 1675 locus
1169 1635 1225 1674 ad
1260 1634 1620 1685 conveniendum,
1652 1640 1699 1676 et

249 1703 294 1743 in
336 1716 423 1756 quo
463 1703 517 1744 de
556 1707 772 1756 apparatu
807 1702 910 1743 belli
942 1706 1158 1754 ageretur,
1195 1701 1302 1752 Argi
1334 1701 1569 1742 Diomedis
1604 1714 1697 1754 reg·

851 1829 1090 1843 eeeeeeeeeeee

251 1924 272 1950 9
297 1919 387 1951 Ante
411 1917 517 1949 habuit
544 1917 662 1949 inserit
686 1918 811 1958 Delpli.
839 1918 1077 1949 consilium—l
1103 1917 1227 1957 Delph.
1246 1917 1543 1948 Lacedoemonu.—2
1568 1918 1697 1959 Delph.

902 2033 1042 2066 NOTAE

292 2116 312 2130 W
336 2110 399 2141 Sed
425 2110 568 2140 adversus
589 2109 637 2148 se]
662 2108 799 2149 Quippe
818 2107 875 2150 qui
895 2108 945 2139 le-

251 2165 346 2201 gatos
366 2159 510 2199 hospitio
525 2157 730 2197 excepisset.
774 2157 851 2189 Non
876 2161 943 2189 tam

998 2117 1034 2138 se
1062 2107 1186 2148 Dictys
1215 2107 1368 2148 protulit,
1399 2111 1517 2139 contra
1542 2112 1696 2140 veterum

998 2158 1260 2196 auctoritatem5
1283 2156 1371 2196 apud
1390 2166 1471 2197 quos
1494 2157 1544 2188 bis
1561 2161 1695 2189 tantum

250 2210 374 2250 legatis
390 2208 545 2249 injuriam
566 2217 666 2248 quam
687 2207 749 2238 sibi
765 2207 838 2237 fieri
854 2207 945 2238 arbi-

250 2261 416 2291 trabatur.
452 2258 580 2290 Similia
592 2259 624 2289 in
641 2258 791 2299 hospites
807 2257 945 2298 pietatis

250 2310 407 2350 exempla
437 2309 470 2339 in
501 2308 672 2339 veteribus
699 2308 822 2348 passim
852 2308 945 2338 inve-

250 2360 344 2398 nias;
384 2357 556 2398 praecipue
594 2357 627 2388 in
667 2357 781 2388 Sacris
821 2356 945 2389 Literls

250 2409 331 2439 Vet.
351 2406 573 2438 Testamenti.

290 2463 307 2479 ¹
333 2458 448 2488 Omnes
462 2455 631 2496 Pelopidae]
654 2456 748 2489 Quos
761 2463 839 2487 mox
855 2464 946 2487 com·

251 2506 464 2539 memorabit.

294 2564 305 2584 5
331 2556 520 2596 Interposita
539 2554 750 2594 jurisjurandi
776 2553 944 2594 religione]

251 2608 376 2648 Dictys
399 2606 534 2637 videtur
556 2605 698 2636 innuere
721 2604 825 2635 semel
843 2604 946 2635 duces

251 2658 446 2697 conjurasse
467 2655 566 2686 domo
591 2654 742 2685 Menelai
766 2658 946 2694 antequam

252 2707 362 2746 Argos
386 2704 629 2742 convenirent;
653 2708 688 2734 et
710 2703 833 2734 iterum
851 2706 946 2734 ante-

252 2764 353 2795 quam
366 2754 406 2785 ad
419 2752 584 2793 parandas
598 2761 679 2793 opes
693 2752 822 2782 militiae
837 2752 869 2782 in
886 2761 947 2783 sua

253 2811 357 2842 regna
382 2801 604 2833 discederent.
650 2801 777 2833 Verum
806 2801 895 2832 istud
926 2811 946 2832 a

999 2206 1197 2238 Graecorum
1208 2207 1311 2236 duces
1322 2207 1514 2246 conjurasse
1527 2208 1696 2247 reperias3

998 2256 1113 2295 semel,
1138 2260 1317 2296 antequam
1345 2255 1509 2286 Helenam
1534 2256 1695 2288 Menelao

999 2307 1234 2344 collocaretur,
1251 2306 1345 2346 cujus
1359 2305 1577 2345 jurisjurandi
1594 2307 1694 2348 Ulys-

999 2365 1051 2387 ses
1068 2361 1186 2387 auctor
1201 2355 1348 2386 dicitur:
1368 2354 1527 2394 Apollod.
1543 2364 1600 2387 nr.
1621 2356 1696 2397 Hy-

1000 2405 1067 2445 gin.
1099 2405 1182 2435 Fab.
1213 2406 1266 2434 78.
1291 2409 1326 2434 et
1351 2403 1486 2443 iterum,
1509 2409 1693 2445 postquam

1000 2453 1110 2494 Argos
1125 2453 1375 2493 convenissent,
1391 2462 1467 2483 cum
1482 2462 1517 2483 se
1535 2463 1599 2484 non
1613 2460 1694 2486 ante

998 2503 1133 2534 domum
1160 2512 1252 2533 suam
1275 2511 1482 2540 reversuros,
1498 2511 1596 2542 quani
1612 2504 1693 2535 Tro-

992 2554 1062 2594 jam
1094 2552 1352 2590 subvertissent,
1371 2551 1479 2590 jurati
1507 2556 1596 2583 sunt.
1639 2553 1694 2584 De

998 2613 1064 2644 quo
1080 2602 1201 2633 Horat.
1216 2610 1239 2632 1.
1261 2600 1328 2632 Od.
1349 2604 1400 2631 15.
1427 2599 1436 2617 ‘
1454 2601 1564 2633 Quam
1586 2603 1693 2633 multo

999 2656 1133 2691 repetet
1142 2651 1278 2682 Graecia
1290 2650 1408 2687 milite,
1418 2650 1603 2689 Conjurata
1617 2655 1693 2681 tuas

1000 2709 1155 2740 rumpere
1179 2700 1328 2739 nuptiaS‚
1349 2699 1393 2729 Et
1409 2707 1548 2737 regnum
1565 2699 1693 2730 Priami

1001 2750 1121 2782 vetus!

1041 2807 1052 2822 ²
1074 2799 1257 2840 Antenoris]
1281 2798 1374 2830 Fidei
1390 2797 1584 2830 Antenoris.
