1915 3231
246 324 331 366 282
710 331 920 362 oicrYos
954 328 1229 360 cnn'rENsxs

246 428 426 480 repente
464 424 789 479 comparuerit:
834 422 962 476 cujus
1002 421 1153 475 opinio
1183 422 1339 461 exorta
1373 418 1537 473 triplex
1555 432 1567 472 ;
1616 431 1694 460 seu

246 492 364 546 quod
386 496 491 545 post
510 503 725 532 occasum
747 489 857 530 solis
889 501 989 530 cum
1011 491 1149 528 matre
1171 487 1368 527 Hemera
1397 499 1422 526 e
1449 491 1694 539 conspectu

245 558 466 599 hominum
487 557 754 608 excesserim
785 556 879 596 sive
909 567 1044 608 supra
1065 553 1237 594 modum
1258 553 1410 593 dolore
1430 551 1588 594 affecta
1607 552 1695 594 fra-

245 629 377 666 ternae
411 624 583 673 mortis,
613 623 729 663 ultro
752 634 954 676 praeceps
982 620 1111 671 ierit3
1140 621 1213 660 vel
1244 620 1300 660 ab
1321 619 1390 660 his
1422 620 1497 673 qui
1529 619 1695 660 incole-

245 691 365 740 bant,
399 691 457 731 ob
489 689 712 743 eripienda
744 701 844 742 quae
878 700 1025 729 secum
1045 687 1272 736 habuerat,
1304 686 1604 727 circumventa
1632 685 1696 726 in-

247 757 428 798 terierit.
487 756 602 796 Haec
623 755 678 795 de
698 755 947 803 Memnone,
967 753 1151 807 ejusque
1169 765 1321 794 sorore
1341 756 1568 805 comperta
1587 751 1695 792 mihi

246 836 325 877 per
345 823 705 876 Neoptolemum.
754 822 864 875 [11.]
888 821 1001 861 Post
1021 833 1121 874 quae
1140 819 1364 873 profectus
1385 817 1595 867 Cretam,¹
1619 831 1696 858 an-

248 902 307 930 no
329 894 461 942 postp
481 888 655 929 nomine
677 888 859 942 publico
876 892 893 916 ‘¹
924 899 1023 928 cum
1043 886 1213 927 duobus
1236 886 1335 926 aliis
1350 890 1363 906 s
1389 885 1447 925 ad
1467 883 1696 925 oraculum

247 955 475 1009 Apollinis
490 959 502 977 ⁵
532 954 771 995 remedium
790 953 974 1007 petitum
993 952 1140 993 venio.
1200 951 1406 1005 Namque
1423 949 1547 992 nulla
1579 953 1698 991 certa

248 1035 388 1063 causa
408 1034 466 1062 ex
492 1021 753 1074 improviso,
784 1019 933 1061 tantat
964 1019 1032 1060 vis
1058 1019 1359 1060 locustarumu
1389 1017 1578 1058 insulam
1597 1029 1697 1057 eam

247 1089 491 1137 invaserat,
522 1087 586 1128 uti
607 1091 769 1128 cuncta
790 1086 1007 1127 fructuum
1028 1097 1130 1139 quae
1153 1086 1197 1125 in
1214 1085 1332 1137 agris
1353 1088 1480 1125 erant
1506 1095 1698 1124 corrum-

247 1157 466 1208 perentur.
489 1153 647 1206 Itaque
661 1153 810 1194 multis
826 1153 1031 1206 precibus
1049 1151 1392 1205 suppliciisquev
1412 1153 1698 1204 responsum²

247 1220 400 1270 editur,
421 1220 571 1261 divina
586 1232 671 1274 ope
694 1220 901 1260 animalia
916 1219 1158 1264 interitura,
1172 1218 1445 1272 insulamque
1459 1219 1697 1271 proventu³

246 1287 415 1338 frugum
432 1291 457 1309 W
494 1287 615 1327 brevi
647 1287 1002 1328 redundaturam.
1064 1286 1180 1327 Dein
1217 1286 1427 1338 navigare
1467 1283 1698 1336 cupientes

249 1353 306 1394 ab
339 1353 407 1394 his
428 1354 506 1407 qui
538 1353 659 1407 apud
691 1353 893 1407 Delphos
913 1358 1037 1395 erant
1065 1353 1368 1406 prohibemur:
1399 1352 1698 1404 importunum

248 1432 438 1474 namque
460 1424 504 1461 et
524 1421 825 1474 perniciosum
845 1424 1018 1473 tempus
1040 1432 1153 1461 esse.
1212 1419 1473 1472 Lycophron
1502 1420 1550 1458 et
1577 1414 1698 1457 Ixae-

855 1547 1093 1561 etoneemee

293 1627 309 1655 1
335 1623 457 1664 Delph.
469 1627 707 1664 postquam—2
732 1624 862 1666 Delph.
879 1627 1098 1666 responso.--3
1124 1624 1247 1665 Delph.
1260 1625 1419 1664 provectu.

905 1741 1046 1773 NOTAE

250 1814 344 1845 ochis.
388 1812 511 1854 Neque
527 1812 616 1844 enim
633 1813 708 1854 ejus
724 1813 952 1846 meminerunt

251 1861 461 1902 Geographi.
506 1862 561 1893 De
586 1863 661 1893 loco
682 1868 795 1893 antem
820 1863 877 1893 ubi
898 1873 950 1893 se-

251 1914 369 1954 pultus
397 1912 560 1943 Memnon
583 1917 715 1943 veteres
732 1912 948 1944 dissentiunt.

253 1964 342 1994 Nam
370 1961 540 2002 Josephus
565 1970 604 1993 11.
626 1963 716 1993 Belli
742 1962 877 1994 Judaic.
898 1972 949 1994 se-

253 2014 406 2054 pulcrum
423 2013 494 2052 ejus
511 2013 608 2052 ponit
624 2012 655 2043 in
672 2013 831 2052 Galilaea,
843 2021 950 2053 prope

252 2062 392 2094 fluvium
418 2062 568 2101 Beleam,
584 2072 649 2093 non
673 2062 771 2102 longe
796 2072 815 2094 a
831 2063 949 2094 Ptolo-

252 2112 365 2143 maide
380 2112 475 2142 urbe.
520 2112 656 2150 Strabo,
678 2120 740 2142 xv.
763 2121 870 2153 prope
887 2110 949 2142 flu-

253 2162 342 2193 vium
360 2162 491 2195 Badam,
504 2161 607 2201 juxta
623 2161 732 2201 Syriae
759 2162 876 2191 urbem
893 2169 951 2191 no·

253 2212 343 2242 mine
372 2211 522 2242 Paltum.
566 2210 648 2246 Alii,
681 2220 787 2251 prope
818 2210 952 2241 Helles-

254 2265 407 2301 pontum.
450 2259 520 2291 Alii
542 2259 704 2300 denique,
719 2260 752 2290 in
767 2259 954 2300 AEthiopia.

297 2315 313 2336 Ρ
337 2311 428 2340 Anno
440 2307 524 2349 post]
548 2308 735 2349 Postquam
751 2308 794 2339 ab
809 2317 850 2340 eo
866 2308 956 2340 acci·

255 2365 308 2390 tus
323 2359 456 2397 fnerat;
479 2367 593 2398 supra.

297 2415 312 2435 ⁸³
337 2409 471 2440 Nomine
483 2405 621 2449 publico]
650 2407 797 2447 Gallice,
821 2417 862 2438 au
883 2416 954 2438 nom

201 2454 205 2458 ’
254 2460 295 2491 du
306 2458 420 2499 public.

298 2512 309 2528 ¹·
334 2509 412 2538 Cum
433 2506 549 2537 duobus
569 2507 657 2548 aliis]
680 2507 902 2548 Lycophrone
916 2510 953 2538 et

256 2558 365 2592 Ixaeo,
380 2557 505 2597 pagina
521 2556 692 2597 sequenti.

297 2614 308 2628 ⁵
323 2608 375 2639 Ad
386 2607 555 2637 oraculum
562 2605 736 2647 Apollinis]
753 2606 855 2648 Apud
867 2606 953 2638 Del-

257 2659 350 2699 phos.

298 2709 308 2727 ²
334 2707 476 2746 Namque
490 2705 575 2736 nulla
584 2707 669 2735 certa
681 2713 771 2734 causa
785 2714 826 2736 ex
838 2705 952 2745 impro-

255 2756 332 2791 viso,
348 2759 447 2790 tanta,
463 2754 533 2795 lfa]
552 2753 754 2793 Distingue:
773 2756 782 2771 ‘
797 2755 953 2795 Namque

258 2808 349 2838 nulla
365 2813 462 2838 certa
475 2813 606 2844 caussa,
622 2813 663 2835 ex
682 2804 862 2845 improviso
883 2810 953 2836 tan·

259 2855 319 2895 ta‚'
333 2859 397 2887 &m

1047 1820 1061 1835 ¹¹
1095 1814 1196 1844 Tanta
1223 1813 1271 1844 vis
1299 1810 1499 1851 locustarum]
1547 1810 1699 1844 Quarum

1001 1874 1125 1904 magna
1139 1862 1239 1903 copia
1253 1862 1286 1893 in
1303 1861 1497 1901 regionibus
1512 1860 1592 1902 illis,
1606 1866 1641 1893 ut
1657 1871 1701 1893 ex

1003 1914 1111 1945 literis
1128 1912 1251 1943 Sacris.

1044 1967 1059 1982 v
1087 1962 1239 1993 Precibus
1266 1959 1497 2001 suppliciisque]
1531 1959 1702 1992 Differunt

1004 2021 1123 2052 preces
1145 2015 1181 2041 et
1202 2009 1378 2050 supplicia.
1423 2010 1512 2040 Nam
1533 2010 1703 2050 supplicia.

1003 2061 1121 2092 dixere
1135 2059 1403 2100 supplicationes
1425 2068 1501 2090 cum
1527 2059 1703 2092 sacrificiis

1004 2108 1217 2151 quibusdam.
1261 2108 1420 2140 Servius:
1437 2110 1447 2126 ‘
1461 2108 1634 2140 Indictiva
1650 2118 1703 2140 sa-

1005 2158 1133 2191 crificia
1161 2157 1377 2197 dicebantur,
1412 2167 1487 2199 quae
1517 2159 1629 2190 subito
1658 2159 1702 2190 ad

1005 2218 1155 2251 praesens
1189 2212 1324 2247 tempus
1365 2207 1616 2248 indicebantur,
1643 2212 1704 2240 aut

1007 2263 1102 2291 certe
1124 2258 1166 2288 (le
1191 2256 1287 2288 bonis
1311 2256 1558 2288 damnatorum.
1601 2257 1702 2289 Unde

1009 2312 1045 2340 et
1061 2306 1229 2347 supplicia
1250 2306 1410 2336 dicuntur
1425 2307 1704 2347 supplicationes,

1006 2367 1082 2398 quae
1099 2360 1176 2387 sunt
1189 2355 1232 2385 de
1245 2354 1340 2385 bonis
1357 2363 1542 2395 passorum.
1565 2356 1704 2388 Sallust.

1008 2407 1064 2437 ‘in
1101 2404 1277 2445 suppliciis
1301 2405 1454 2436 Deorum
1485 2405 1706 2446 magnifici.”

1005 2455 1180 2497 Supplicia
1201 2454 1304 2486 etiam
1328 2453 1527 2486 dicebantur
1546 2455 1703 2488 verbenae

1007 2512 1041 2537 et
1065 2506 1130 2536 alia
1147 2503 1242 2544 pacis
1264 2503 1423 2543 insignia,
1439 2513 1514 2545 quae
1540 2504 1704 2536 caducea-

1007 2561 1099 2588 tores
1121 2555 1193 2585 sive
1208 2557 1362 2584 oratores
1384 2553 1559 2593 gerebant,
1582 2563 1703 2595 pacem

1007 2609 1177 2646 petentes.
1222 2602 1312 2633 Vide
1327 2600 1465 2634 doctiss.
1488 2603 1630 2634 Dacerii
1645 2612 1703 2634 no-

1008 2660 1060 2686 tas
1075 2653 1115 2684 ad
1132 2653 1282 2687 Festum,
1295 2651 1328 2682 in
1346 2661 1427 2683 voce
1442 2653 1451 2670 ‘
1462 2653 1660 2694 Supplicia-²

1049 2709 1069 2725 w
1096 2703 1252 2734 Proventu
1280 2701 1455 2743 [provectu]
1479 2702 1629 2743 frugum]
1660 2703 1703 2734 Id

1008 2758 1070 2790 est,
1087 2759 1095 2771 ‘
1109 2751 1236 2784 auctu!
1281 2751 1370 2782 Nam
1396 2752 1406 2768 ‘
1421 2750 1609 2792 provehere
1621 2751 1631 2767 ’
1649 2757 1704 2784 est

1008 2812 1141 2844 augere.
1187 2801 1305 2833 Malim
1347 2806 1470 2838 tamen,
1508 2802 1518 2819 ‘
1534 2807 1700 2844 proventu

1008 2852 1168 2894 frngnm.’
