1915 3231
548 290 609 321 ne
642 291 799 321 nunno
832 290 1060 321 TROJANO
1095 292 1189 321 mn.
1223 292 1295 322 111.
1543 284 1624 324 191

184 398 270 440 que
290 384 560 439 improvisus
581 387 741 437 sagItta
762 385 993 437 transfigit.
1033 385 1105 425 Ita
1116 385 1183 425 vir
1202 386 1397 437 egregius
1412 386 1624 436 bellandi,

182 453 308 506 cujus
335 452 524 493 adventu
555 453 734 493 territus
764 452 1029 505 fugatusque
1061 452 1242 501 Hector,
1272 453 1481 505 multique
1513 466 1626 494 mor-

181 520 293 561 tales
314 531 412 560 cum
434 518 623 559 ducibus
645 520 846 568 extincti,
864 519 977 559 clam
1000 525 1128 572 atque
1149 532 1206 560 ex
1226 519 1400 560 occulto
1422 519 1626 560 vulnera-

181 589 273 635 tus,
295 598 349 626 eo
372 585 443 626 die
462 585 592 626 finem
612 586 809 627 bellandi
829 586 946 627 fecit.
1006 586 1088 639 [7.]
1104 586 1284 626 Interim
1305 585 1626 638 Agamemnon,

180 657 342 694 etcum
373 664 427 693 eo
455 650 624 705 Ajaces
652 652 755 701 duo,
786 652 892 692 inter
927 657 1119 694 ceteram
1151 656 1336 705 stragem
1372 653 1627 705 ignotorum,

180 719 300 761 nacti
335 718 550 772 plurimos
584 718 750 759 Priami
781 718 968 759 filiorum
1005 719 1296 760 interficiunt:
1326 717 1626 771 Agamemnon

179 781 427 826 Arsacumf
471 797 571 825 cum
612 784 855 838 Deiopite,2
885 784 1220 835 Archemacum,
1261 785 1547 835 Laodacum,³
1580 791 1626 827 et

181 852 457 894 Philenorem
471 865 482 903 3
496 856 512 879 g
542 849 665 904 Ajax
687 850 823 901 Oilei,
844 856 888 892 et
906 851 1206 897 Telamonius,
1242 851 1442 901 Melium,
1463 851 1627 906 Astyo-

181 916 344 968 chum,h
365 917 612 967 Doriclum‚
633 917 963 971 Hippothoum,
983 923 1118 972 atque
1139 918 1520 972 Hippodamanta.
1565 919 1627 960 At

180 985 227 1026 in
247 984 337 1026 alia
362 984 468 1025 belli
489 989 618 1037 parte
640 984 876 1038 Patroclus
896 989 943 1025 et
964 984 1130 1038 Lycius
1166 985 1395 1038 Sarpedon
1414 986 1550 1027 locati
1582 988 1627 1027 in

181 1052 402 1101 cornibus,
423 1051 553 1092 nullis
573 1051 917 1104 propinquorum
955 1052 1266 1104 praesentibus,
1297 1053 1420 1105 signo
1442 1054 1554 1094 inter
1576 1067 1625 1094 se

182 1117 287 1159 dato
307 1118 493 1158 solitarii
514 1117 781 1166 certaminis,
797 1121 922 1158 extra
942 1117 1080 1157 aciem
1100 1131 1368 1171 processere.
1428 1119 1626 1173 Moxque

181 1184 283 1224 telis
305 1183 538 1224 adversum
554 1182 708 1236 jactis,
728 1182 806 1223 ubi
825 1187 1007 1236 uterque
1027 1184 1215 1224 intactus
1237 1182 1330 1234 est,i
1363 1198 1487 1226 curru
1509 1186 1627 1227 desi-

180 1250 307 1299 liunt,
330 1255 463 1303 atque
487 1250 676 1302 arreptis
699 1249 858 1301 gladiis
878 1255 1066 1302 pergunt
1087 1251 1277 1292 obviam.
1318 1251 1510 1304 Jamque
1530 1265 1626 1294 cre·

182 1317 272 1356 bris
295 1316 526 1357 adversum
547 1329 595 1356 se
617 1317 779 1357 ictibus
810 1318 1046 1369 congressi,
1067 1330 1207 1370 neque
1225 1318 1482 1359 vulneratus
1504 1320 1625 1371 quis-

183 1395 333 1435 quam,
354 1383 537 1423 multum
557 1383 641 1423 diei
665 1389 1022 1435 consumserant;
1053 1396 1153 1424 cum
1174 1384 1411 1425 Patroclus
1433 1386 1623 1438 amplius

184 1449 430 1490 audendum
451 1455 586 1500 ratus,
607 1450 776 1503 colligit
793 1451 837 1491 in
858 1463 980 1490 arma
1000 1448 1136 1500 sese,¹‘
1170 1454 1215 1491 et
1246 1451 1422 1491 cautius
1449 1457 1624 1493 contec-

784 1567 863 1579 φάο-ο
869 1566 1027 1579 “eece“

179 1640 328 1672 Arsacum
343 1641 525 1682 Deopitlteo.
550 1642 698 1673 Mercer.
710 1642 864 1672 Arsucum
877 1640 1133 1681 nemnem—3
1151 1640 1217 1672 Del
1224 1639 1278 1680 ph.
1290 1640 1482 1682 Lamiacum,
1495 1647 1529 1674 et
1547 1652 1622 1674 mox

838 1746 982 1779 NOTAE

176 1818 266 1859 τόξον
286 1819 497 1861 ἐλεφάντινον,
519 1821 543 1860 ᾧ
564 1820 718 1860 Ἀχιλλέα
740 1820 875 1861 regebam

176 1869 256 1901 κατὰ
270 1871 326 1907 τῆς
348 1869 464 1911 χειρός.
489 1872 498 1888 ‘
514 1872 562 1903 Ut
577 1872 730 1903 Helenus
744 1872 873 1904 Priami

178 1919 280 1960 filius,
299 1919 342 1951 ab
365 1920 522 1960 Apolline
550 1920 740 1961 adamatus,
761 1922 804 1953 ab
830 1931 872 1953 eo

177 1969 300 2002 donum
335 1971 481 2011 accepit,
516 1981 630 2002 arcum
659 1972 844 2004 eburneum
861 1983 870 2011 ;

176 2030 243 2061 quo
259 2019 427 2052 Achillem
445 2021 638 2053 vulneraret
652 2022 694 2053 ad
711 2022 871 2054 manum.'

177 2071 261 2112 Ejus
273 2071 418 2102 vulneris
436 2081 501 2102 non
518 2072 671 2104 meminit
687 2073 829 2105 Homer.

233 2118 246 2140 s
265 2120 434 2161 Arsacum]
473 2122 636 2153 Arsacnm
667 2123 755 2153 inter
786 2123 872 2154 filios

177 2171 302 2202 Priami
314 2181 478 2212 nunquam
493 2172 559 2202 vidi
575 2183 581 2200 ε
600 2172 754 2212 suspicor
767 2174 872 2214 scrip·

176 2221 259 2253 sisse
284 2221 426 2262 Dictyn‚
453 2223 463 2239 ‘
479 2221 663 2253 Arrhetutn
688 2232 764 2254 curn
792 2223 873 2254 Dei-

177 2270 281 2311 opte.'
303 2272 453 2304 Quorum
471 2272 623 2303 meminit
641 2271 801 2313 Apollod.
817 2281 874 2305 ιιι.

927 1818 1058 1859 mertem]
1081 1818 1306 1850 Scribendum
1325 1827 1367 1848 ex
1387 1818 1506 1850 eodem
1521 1819 1624 1862 Apol-

926 1870 994 1902 lod.
1015 1872 1024 1887 ⁴
1039 1870 1179 1901 Melium
1199 1868 1430 1910 Astygonum.y

983 1922 990 1942 ¹
1017 1922 1079 1952 Ubi
1107 1925 1233 1961 uterque
1262 1921 1399 1951 intactus
1425 1920 1487 1960 est]
1524 1921 1626 1953 Hanc

926 1971 1133 2011 Sarpedonis
1150 1976 1184 2001 et
1198 1970 1351 2001 Patrocli
1367 1980 1513 2011 pugnam
1526 1971 1626 2002 aliter

925 2021 1091 2052 describit
1117 2021 1219 2052 Hom.
1245 2021 1287 2051 11.
1303 2025 1342 2051 11.
1365 2021 1414 2052 ait
1430 2020 1533 2060 enim,
1558 2021 1624 2053 Pa-

925 2075 1068 2106 troclum
1086 2074 1230 2115 primum
1244 2073 1342 2105 hasta
1359 2073 1507 2104 immissa
1521 2074 1626 2105 Thra·

925 2125 1111 2164 symedem,
1126 2123 1331 2164 Sarpedonis
1355 2124 1520 2164 aurigam,
1536 2125 1625 2155 occi-

924 2174 1028 2214 disse,
1060 2174 1184 2205 deinde
1212 2174 1443 2214 Sarpedonem
1474 2173 1624 2205 secundo

925 2229 1078 2255 ruentem
1094 2224 1193 2254 hasta
1209 2233 1269 2254 sua
1286 2223 1458 2254 Pedasum
1474 2222 1622 2254 funalem

925 2283 1045 2315 equum
1057 2273 1209 2304 Patrocli
1220 2271 1455 2304 interfecisse:
1469 2282 1536 2313 quo
1547 2283 1624 2304 cum

176 2320 359 2361 Deioptem
369 2320 411 2352 ab
419 2321 540 2362 Ulysse
551 2321 782 2363 interfectum,
793 2322 875 2354 scri·
917 2322 1052 2363 jugales
1069 2322 1147 2362 equi
1161 2322 1392 2361 turbarentur,
1407 2321 1623 2353 Automedon

175 2370 228 2401 bit
245 2370 387 2402 Homer.
403 2371 445 2402 Il.
460 2375 496 2402 A.

218 2425 234 2448 Β
256 2420 510 2462 Archemachum,
533 2421 709 2454 Lamiacum
731 2422 872 2463 [Lauda-

175 2470 257 2511 cum]
282 2475 313 2503 et
339 2471 552 2512 Philenorem]
583 2472 805 2503 Scribendnm
829 2482 872 2503 ex

176 2520 337 2562 Apollod.
351 2531 406 2553 ιιι.
421 2522 431 2539 ⁴
443 2521 723 2562 Areliemaclium,
737 2521 870 2553 Laoda-

177 2580 266 2607 cum,
282 2576 318 2603 et
334 2570 599 2602 Philaemonem.'
645 2572 766 2611 Neque
782 2572 870 2602 enim

176 2621 390 2652 Philenorem
406 2621 509 2652 ullum
533 2621 664 2652 Priami
693 2620 796 2651 filium
820 2621 869 2651 in-

175 2671 302 2702 venias.
323 2671 536 2702 Philenorem
548 2675 660 2701 tamen
673 2671 799 2701 Noster
812 2680 870 2701 no-

177 2719 295 2761 minat,
318 2720 376 2752 lib.
395 2730 444 2752 lv.
468 2724 503 2752 et
518 2721 558 2751 ab
576 2720 685 2761 Ajace
711 2721 871 2752 interem-

178 2773 249 2799 tum
263 2769 346 2801 dicit
359 2782 367 2808 3
390 2770 440 2801 sui
455 2770 578 2801 oblitus
594 2770 736 2801 scilicet.

221 2816 236 2837 ¹¹
251 2818 380 2850 Melium
396 2819 583 2861 Astyochum
604 2820 756 2861 [Mulium
773 2819 868 2861 Asty-

927 2373 1041 2413 auriga
1052 2373 1201 2404 Patrocli
1217 2372 1338 2412 lorum,
1351 2372 1421 2402 sive
1433 2372 1560 2413 funem,
1570 2374 1624 2404 cni

927 2432 1032 2465 equus
1060 2422 1278 2462 alligabatur,
1303 2421 1462 2453 abscidit.
1508 2423 1624 2454 Quare

927 2482 1040 2503 rursus
1071 2472 1095 2502 ii
1122 2472 1156 2503 in
1187 2481 1223 2502 se
1249 2471 1400 2503 habenas
1426 2471 1624 2512 dirigentes,

925 2521 1100 2562 Sarpedon
1117 2530 1231 2552 rursus
1246 2521 1419 2552 aberravit
1433 2521 1530 2551 hasta
1544 2531 1622 2552 sua:

926 2571 984 2602 sed
1011 2581 1085 2602 eum
1111 2571 1290 2602 Patroclus
1313 2571 1480 2610 posterior
1494 2570 1623 2611 impetu

925 2620 1016 2653 facto
1032 2621 1223 2652 vulneravit
1239 2622 1332 2651 circa
1349 2620 1550 2660 praecordia.

974 2669 990 2691 ¹¹
1015 2670 1147 2709 Colligit
1171 2671 1204 2700 in
1230 2679 1317 2700 arma
1341 2669 1420 2709 sese]
1454 2669 1531 2700 Hoc
1558 2673 1623 2704 est,

925 2718 1016 2750 flexu
1044 2719 1195 2759 corporis
1222 2724 1329 2750 totum
1355 2729 1390 2750 se
1415 2719 1514 2749 armis
1533 2724 1623 2750 tuta-

927 2775 994 2800 tur.
1039 2769 1095 2800 Sic
1110 2770 1207 2809 Virg.
1232 2769 1273 2799 de
1290 2768 1417 2800 AEnea:
1442 2774 1449 2786 ‘
1465 2769 1623 2812 Substitit

926 2819 1102 2860 AEueaS‚ct
1118 2829 1154 2851 se
1165 2819 1303 2861 collegit
1317 2819 1349 2851 in
1366 2829 1469 2860 arma,
1485 2816 1620 2861 Poplite
