1915 3231
211 289 267 328 94

684 298 899 330 Dic'rYOS
932 296 1204 329 GRE'rENSiS

210 397 295 433 tem
314 391 536 445 Clymenae
564 396 606 434 et
627 392 812 447 Nauplii
842 391 1122 441 PalamedeS‚
1145 393 1187 431 et
1206 388 1365 438 OEax‚²
1383 393 1408 410 ¹¹¹
1429 387 1575 429 dictus
1605 400 1663 428 ex

212 457 356 500 Cretae
370 458 476 500 Ida:
492 464 503 488 ³
520 464 536 480 ¹¹
568 459 671 500 item
688 459 923 500 Menelaus
940 458 1110 510 AEropa
1127 461 1173 497 et
1190 455 1413 497 Plisthene
1433 454 1620 508 genitus,
1637 466 1665 494 a

212 537 300 578 quo
322 524 584 567 Anaxibia4
616 531 777 577 soror,0
806 539 909 580 quae
941 538 995 566 eo
1029 531 1229 578 tempore
1263 522 1442 564 Nestori
1473 521 1668 575 denupta.

833 644 895 657 ”O
899 643 1015 655 “OON
1020 643 1059 655 κ

215 707 422 739 Curretia—2
444 708 500 740 Sic
516 709 667 741 correxit
683 710 833 742 Mercer.
848 714 946 741 antea
960 710 993 740 in
1016 709 1100 740 Mss.
1116 708 1268 738 AEas.—3
1292 705 1361 736 Ms.
1381 713 1480 742 unuS,
1503 702 1606 733 dictus
1627 711 1668 732 ex

215 750 381 781 Creteida:
405 751 492 782 alter
510 751 621 792 Dictys
635 761 675 783 ex
694 753 857 784 Creteida:
881 753 983 793 vulgo
1000 751 1118 791 Dictys
1130 760 1169 781 ex
1187 750 1289 780 Cretoe
1306 748 1379 785 Ida,
1406 751 1441 776 et
1469 745 1516 776 sic
1539 744 1668 792 Delph.

213 791 364 825 Mercer.
392 793 471 824 dicti
511 794 744 827 eremium—4
777 795 818 826 Iu
854 800 938 826 vett.
985 793 1088 826 codd.
1126 791 1378 823 Auamma—5
1412 788 1469 819 Sic
1519 789 1669 819 correxit

867 909 1012 941 NOTAE

212 994 366 1033 κάκεῖνον,
379 993 627 1034 παραγενόμενος
636 993 838 1033 Ἀλθημένης,
851 996 913 1025 &c-

213 1043 331 1074 Vertit
354 1043 545 1083 interpres:
566 1045 575 1060 ⁴
595 1044 733 1084 Quippe
758 1053 838 1074 vera
864 1043 913 1073 di-

213 1101 307 1132 ceus,
323 1101 400 1123 cum
416 1092 460 1123 ob
483 1102 605 1124 canum
628 1093 804 1129 latratum,
825 1092 914 1134 quod

212 1144 255 1176 ab
286 1143 448 1174 insulanis
474 1148 729 1184 percuteretur,
760 1144 913 1175 exaudiri

212 1202 280 1224 non
318 1197 446 1233 posset,
490 1192 713 1224 Althemeues
751 1203 911 1234 superve-

212 1242 334 1283 niens‚’
347 1244 412 1274 &c.
451 1243 542 1276 Quid
559 1242 760 1275 absurdius?
778 1247 912 1274 vertere

213 1294 398 1326 debuerat:
423 1297 432 1312 ‘
450 1295 495 1326 Et
511 1304 587 1326 cum
610 1304 685 1326 eum
702 1305 783 1326 vera
799 1294 911 1325 dicen-

213 1348 284 1375 tem
300 1354 365 1375 non
381 1344 482 1375 modo
499 1354 564 1376 non
580 1344 782 1375 exaudirent
795 1343 913 1375 bubul-

214 1393 246 1424 ci
259 1393 303 1425 ob
315 1403 437 1425 canum
450 1394 621 1433 latratum,
635 1393 695 1424 sed
708 1394 811 1425 etiam
824 1393 915 1424 ultro

214 1447 447 1483 percuterent,
465 1442 658 1482 pellerent,’
673 1444 740 1475 διο.
783 1442 824 1473 Id
842 1442 914 1484 qui-

213 1493 290 1524 dem
306 1492 572 1524 amantissimum
586 1499 717 1533 patrem
730 1502 841 1524 meum
864 1492 915 1523 fu-

215 1543 275 1584 git.
306 1542 431 1582 fateor,
460 1543 539 1574 dum
578 1543 708 1583 majora
739 1546 913 1581 sectatum

214 1593 287 1633 sed,
297 1593 384 1635 quod
398 1593 513 1632 miror,
526 1602 603 1624 eum
617 1593 719 1624 etiam
736 1593 836 1623 latuit
849 1593 917 1633 qui,

215 1648 296 1684 post
338 1647 470 1684 patrem
511 1652 637 1683 meum,
669 1639 929 1682 Apollodorum*

215 1691 573 1733 percurrit,quamvis,
589 1696 625 1722 ut
642 1691 768 1732 aliquid
785 1691 919 1722 diceret

215 1742 270 1772 vel
287 1741 422 1772 minima
447 1741 560 1771 rimari
582 1749 722 1771 necesse
746 1739 915 1772 habuerit.

214 1790 282 1822 Sed
300 1791 342 1821 de
359 1800 398 1821 eo
415 1790 508 1821 alibi.

258 1844 281 1860 ¹¹¹
307 1841 463 1881 Clymenoe
477 1843 506 1871 et
525 1840 657 1880 Nauplii
675 1840 868 1877 Palamedes,
884 1843 915 1871 et

217 1890 320 1930 OEaoe]
356 1891 537 1932 Nauplius,
566 1891 720 1931 Neptuni
744 1901 786 1922 ex
810 1890 913 1932 Amy·

215 1950 315 1972 mone
337 1939 439 1980 filius,
462 1941 658 1981 Clymenarn
679 1941 792 1972 Cretei
810 1941 912 1972 filiam

215 1989 315 2020 duxit
331 1999 484 2028 uxorem,
501 1993 534 2021 et
555 2000 597 2021 ex
620 2000 660 2021 ea
681 1991 833 2030 suscepit
848 1991 913 2022 Pa-

214 2039 394 2078 lamedem,
410 2045 445 2070 et
459 2039 612 2075 OEacem,
627 2049 726 2081 quem
740 2041 826 2071 male
842 2040 914 2082 qui-

215 2088 292 2119 dam
310 2089 443 2119 OEacum
459 2089 645 2129 appellant.

258 2142 273 2158 ¹²
298 2138 412 2170 Dictus
432 2138 577 2179 [Dictys]
601 2149 641 2170 ex
658 2139 761 2170 Cretae
777 2138 850 2178 Ida]
874 2138 914 2169 In

215 2188 300 2220 Mss.
319 2190 328 2206 ‘
344 2189 455 2220 dictus
471 2198 511 2219 ex
524 2189 686 2228 Cretida,'
702 2190 754 2220 vel
770 2189 779 2205 ‘
793 2189 915 2228 Dictys

216 2247 260 2269 ex
283 2238 385 2270 Crete
405 2237 493 2269 Ida:
535 2238 603 2269 Sed
631 2249 707 2279 quae
733 2238 786 2269 liic
811 2239 914 2279 Dicty

215 2297 294 2329 pars
311 2292 363 2319 est
383 2288 416 2318 in
439 2288 503 2319 hac
524 2287 711 2319 divisione?
734 2297 776 2318 an
795 2288 860 2319 huc
876 2288 916 2318 li-

215 2337 267 2368 bri
292 2337 410 2368 titulus
434 2337 587 2377 irrepsit,
610 2338 667 2379 qui
694 2338 742 2369 ita
767 2338 915 2378 scriptus

215 2386 331 2426 fuerit,
348 2387 357 2403 ‘
372 2387 492 2426 Dictys
506 2396 546 2417 ex
560 2387 673 2418 Cretae.
690 2387 774 2419 1da.'
818 2388 916 2419 More

217 2436 416 2467 Graecorum
446 2441 483 2467 ut
511 2437 786 2477 subintelligatur
810 2437 915 2468 oriun-

215 2487 282 2525 ἀιις,
300 2485 476 2524 γενόμενος.
523 2487 584 2516 Vir
601 2486 721 2517 doctus
743 2487 916 2527 rescripsit

213 2537 223 2553 ⁴
239 2537 321 2567 dicti
346 2536 517 2568 Creteidae
534 2537 553 2575 ;'
576 2538 702 2577 quippe
729 2547 805 2568 cum
837 2547 916 2568 mox

216 2587 501 2627 Agamemnonem
523 2592 558 2618 et
576 2588 770 2618 Menelaum
787 2586 916 2618 referat

216 2639 326 2669 dictos
346 2637 495 2672 Atridas,
520 2637 575 2677 qui
599 2642 696 2668 erant
720 2637 913 2676 Plisthenis,

216 2686 259 2717 ad
292 2686 473 2725 tegendam
505 2686 749 2718 obscuritatem
781 2687 914 2726 paterni

215 2737 371 2771 nominis,
395 2736 577 2768 verisimile
608 2742 660 2769 est
701 2738 820 2769 eadem
864 2747 915 2768 ra-

216 2786 308 2815 tione
335 2785 506 2816 addidisse
536 2786 755 2817 Palamedem
780 2792 815 2817 et
835 2786 915 2818 OEa-

216 2844 289 2866 cem
308 2834 461 2877 Nauplii,
476 2835 584 2868 dictos
598 2837 777 2869 Creteidas
795 2838 836 2869 ab
853 2847 915 2869 avo

967 998 1122 1024 materno
1145 993 1282 1028 Creteo,
1306 1000 1383 1022 cum
1408 989 1500 1030 origo
1524 992 1670 1030 paterna

967 1048 1058 1074 esset
1071 1044 1175 1074 multo
1190 1041 1385 1083 ignobilior3
1400 1039 1566 1080 Nauplius
1579 1039 1669 1070 enim

967 1098 1170 1124 mercaturae
1184 1091 1284 1123 laude
1298 1091 1410 1131 potius
1422 1089 1557 1121 cluebat
1570 1098 1669 1130 quam

967 1143 1037 1173 ulla
1051 1143 1117 1173 alia
1133 1146 1206 1172 arte
1220 1151 1229 1180 ;
1255 1146 1291 1172 ut
1307 1150 1350 1172 ex
1367 1138 1580 1181 Apollodoro
1597 1147 1671 1169 cer-

967 1196 1038 1222 tum
1053 1196 1118 1223 est.

1001 1240 1184 1272 ⁰Anaxibia
1198 1240 1301 1281 soror]
1319 1239 1397 1271 Fuit
1413 1239 1548 1280 quidem
1559 1237 1671 1269 Anax-

967 1291 1036 1322 ibia
1069 1292 1218 1323 Menelai
1248 1296 1284 1323 et
1318 1289 1582 1330 Agamemnonis
1617 1298 1672 1319 so-

969 1351 1038 1380 ror,
1055 1342 1242 1372 Plisthenis
1258 1341 1339 1372 filia.
1383 1340 1452 1372 Sed
1475 1349 1550 1380 quae
1575 1339 1670 1370 Stro-

970 1391 1061 1432 phio,
1078 1400 1145 1422 non
1162 1390 1316 1430 Nestori,
1330 1394 1369 1421 ut
1391 1389 1445 1420 hic
1467 1388 1569 1419 habet
1589 1388 1672 1419 Dic-

971 1445 1037 1480 tys,
1055 1446 1164 1481 nupta
1183 1440 1260 1476 fuit,
1283 1445 1317 1471 et
1342 1439 1506 1481 Pyladem
1525 1438 1672 1479 peperit.

969 1491 1117 1522 Pausan.
1133 1492 1167 1522 in
1183 1491 1337 1523 Corinth.
1375 1489 1491 1531 Κρίσου
1505 1489 1529 1519 δ’
1544 1487 1582 1526 ἣν
1597 1487 1673 1518 ἀπο-

968 1539 1060 1579 »ydros
1085 1541 1188 1582 τρίτος
1213 1539 1368 1580 Πυλάδης,
1394 1538 1549 1579 Στροφίου
1571 1537 1608 1569 τὲ
1632 1537 1674 1568 ὢν

968 1591 1025 1621 τοῦ
1040 1590 1166 1631 Κρίσου,
1182 1591 1233 1622 καὶ
1245 1589 1418 1630 Ἀναξιβίας
1429 1589 1566 1629 ἀδελφῆς
1576 1589 1671 1627 Ἀγα-

968 1639 1127 1678 μέμνονος.
1172 1642 1181 1659 ‘
1200 1641 1289 1672 Crisi
1313 1645 1426 1671 autem
1449 1644 1524 1670 erat
1548 1639 1671 1669 tertius

969 1698 1076 1730 nepos
1090 1690 1253 1731 Pylades,
1269 1689 1310 1720 ab
1325 1689 1483 1730 Strophio
1499 1687 1586 1719 Crisi
1602 1686 1672 1718 filio

968 1744 1004 1770 et
1033 1739 1207 1771 Anaxibia
1234 1740 1383 1780 genitus,
1408 1737 1672 1778 Agamemnonis

967 1790 1106 1821 sorore!
1153 1789 1252 1821 Hanc
1268 1788 1471 1820 Anaxibiam
1493 1788 1503 1805 ‘
1518 1786 1672 1828 Cyndra-

968 1839 1105 1879 goram’
1136 1844 1236 1871 vocat
1257 1839 1465 1870 Scholiastes
1488 1838 1607 1878 Eurip.
1637 1837 1672 1867 in

969 1889 1084 1921 Orest.
1108 1887 1143 1920 οῧ
1155 1888 1310 1931 Στροφίου
1323 1887 1530 1927 Ἀστυδάμεια
1545 1886 1596 1919 καὶ
1610 1891 1674 1918 ssu-

967 1938 1066 1976 λάδης
1081 1940 1116 1970 ἐκ
1127 1939 1343 1981 Κυνδραγόρας
1353 1940 1409 1977 τῆς
1424 1939 1562 1978 ἀδελφῆς
1577 1938 1671 1977 Ἀγα-

967 1987 1126 2027 μέμνονος.
1171 1990 1245 2020 Etsi
1264 1989 1352 2019 idem
1374 1989 1452 2020 alibi
1476 1997 1542 2019 non
1567 1988 1673 2018 semel

969 2039 1125 2079 eandem,
1139 2049 1215 2070 cum
1234 2040 1417 2078 Pausania,
1431 2037 1651 2070 ‘Anaxibiam
1663 2037 1674 2053 '

968 2094 1070 2121 vocat
1093 2094 1129 2121 et
1151 2090 1404 2130 Cyndragoram
1428 2089 1527 2120 Atrei
1550 2088 1671 2120 filiam.

969 2138 1122 2179 Πειράσου,
1147 2141 1269 2180 inquit,
1293 2141 1310 2170 ὁ
1333 2139 1485 2181 Στροφίος
1498 2137 1674 2178 Ἀναξιβίαν

969 2189 1066 2229 ἔγημε
1080 2190 1140 2227 τὴν
1152 2190 1382 2229 Ἀγαμέμνονος
1404 2191 1556 2230 ἀδελφὴν,
1580 2191 1611 2229 ἐξ
1635 2187 1675 2226 ἧς

970 2239 1094 2278 ἐγένετο
1109 2239 1264 2280 Πυλάδης,
1279 2240 1318 2271 ὥς
1331 2247 1408 2280 φησι
1423 2239 1557 2281 Κράτης,
1567 2239 1588 2277 ἢ
1605 2239 1671 2270 ἐπεὶ

969 2290 986 2320 ὁ
1009 2289 1163 2329 Στροφίου
1186 2290 1288 2331 πατὴρ
1310 2290 1563 2331 ΚρίσοςἈτρέως
1578 2292 1670 2329 θυγα-

968 2338 1044 2380 τέρα
1056 2339 1163 2378 ἐγάμει
1176 2340 1236 2378 τὴν
1247 2339 1474 2381 Κυνδράγοραν.
1496 2341 1506 2357 ‘
1517 2340 1579 2371 Vei
1593 2340 1672 2380 qnia

968 2389 1145 2430 Strophius
1171 2389 1372 2421 Anaxibiam
1404 2399 1551 2421 sororem
1579 2389 1671 2429 Aga-

969 2439 1155 2470 memnonis
1172 2448 1310 2470 uxorem
1327 2439 1439 2479 duxit,
1459 2449 1501 2470 ex
1522 2449 1589 2480 qua
1612 2448 1670 2470 na-

971 2494 1024 2520 tus
1043 2489 1205 2530 Pylades,
1222 2493 1260 2520 ut
1284 2489 1331 2520 ait
1354 2490 1485 2529 Crates,
1512 2489 1566 2520 vel
1588 2498 1670 2530 quo-

971 2540 1060 2570 niam
1087 2539 1236 2580 Strophii
1265 2542 1363 2579 pater
1387 2539 1500 2570 Crisus
1518 2538 1670 2578 Cyndra-

971 2598 1086 2629 goram
1105 2588 1204 2620 Atrei
1226 2588 1329 2620 filiam
1352 2588 1474 2619 duxit!
1517 2587 1669 2618 Tandem

969 2639 1127 2679 Hyginus
1158 2638 1201 2669 ab
1234 2638 1307 2669 aliis
1338 2636 1486 2668 discedit
1517 2641 1553 2668 et
1583 2637 1669 2668 hanc

969 2687 1229 2729 Agamemnonis
1241 2696 1390 2718 sororem
1405 2690 1507 2718 vocat
1523 2689 1531 2703 ¹
1546 2685 1670 2726 Astyo-

969 2737 1109 2769 cheam.'
1141 2737 1224 2770 Fab.
1251 2740 1324 2768 117.
1379 2735 1548 2768 Anaxibia
1577 2744 1669 2772 vero,

970 2798 1045 2829 quae
1083 2788 1225 2820 Nestori
1261 2787 1390 2828 nupsit,
1435 2786 1562 2818 Cratiei
1598 2786 1669 2817 filia

969 2836 1047 2870 fuit.
1074 2838 1138 2869 Vel
1157 2838 1281 2881 potius,
1293 2841 1329 2869 ut
1345 2836 1447 2868 habet
1460 2836 1668 2876 Eustathius,
