1915 3231
510 240 574 270 DE
607 239 764 270 BELLo
797 239 1023 270 TRoJANo
1059 241 1151 270 [AB.
1183 242 1230 272 v.
1488 233 1573 274 259

135 333 322 375 animem
346 331 596 373 offendunt:
619 330 1012 386 perquirentesque
1032 333 1184 374 mortis
1205 345 1356 385 genus,
1377 335 1573 376 animad-

132 403 296 440 vertere
316 398 428 439 ferro
450 398 738 439 interfectum.
799 397 906 438 Inde
926 401 1044 438 ortus
1075 411 1153 450 per
1184 399 1320 439 duces
1350 403 1479 453 atque
1498 414 1574 441 ex-

130 465 309 506 ercitum
334 464 549 505 tumultus
567 464 732 516 ingens,
762 476 815 504 ac
837 464 938 504 dein
960 464 1122 505 seditio
1142 465 1263 506 brevi
1284 465 1451 515 adulta,
1472 479 1573 508 cum

132 535 231 572 ante
242 531 337 585 jam
358 530 643 571 Palamedem
656 530 796 572 virum
810 529 927 571 domi
943 531 1148 584 belloque
1166 531 1574 584 prudentissimum,

129 609 244 638 nunc
264 596 452 650 Ajacem
471 596 714 650 inclytume
745 600 814 637 tot
843 596 1029 649 egregiis
1061 597 1239 650 pugnis,
1261 602 1397 650 atque
1429 603 1575 639 utros-

132 676 218 718 que
237 663 411 704 insidiis
438 675 586 704 eorum
619 662 944 704 circumventos
974 662 1320 715 ingemiscerent.
1379 663 1451 704 Ob
1474 677 1575 718 quae

132 729 379 784 supradicti
408 742 534 782 reges
555 729 697 779 veriti,
719 741 773 769 ne
802 741 892 782 qua
922 729 990 770 vis
1020 729 1077 769 ab
1108 730 1304 770 exercitu
1334 736 1574 783 pararetur,

130 797 248 838 intus
286 796 428 837 clausi
455 796 700 849 firmatique
729 808 811 848 per
840 796 1115 837 necessarios
1144 801 1331 838 manent.
1391 797 1574 838 Interim

132 862 466 916 Neoptolemus,
489 861 674 904 advecta
693 861 802 914 ligni
822 863 1018 911 materia,
1042 860 1229 916 AJacem
1249 866 1414 904 cremat
1434 877 1444 905 ε
1475 865 1576 905 reli-

131 929 363 983 quiasque,
375 940 493 970 urnae
509 940 651 969 aureae
664 928 938 978 conditas‚in
955 926 1164 970 Rhoeteof
1181 930 1462 983 sepeliendas
1475 944 1576 984 pro-

131 999 286 1045 curat,g
315 995 521 1049 brevique
550 995 763 1036 tumulum
793 999 1067 1036 exstructum
1098 1001 1337 1038 consecrat
1366 998 1410 1038 in
1440 997 1575 1039 hono-

133 1075 220 1103 rem
239 1062 349 1104 tanti
370 1061 515 1103 ducis.
574 1061 690 1112 Quae
712 1062 750 1102 si
772 1066 871 1103 ante
891 1065 1067 1115 captum
1100 1062 1234 1103 Ilium
1265 1064 1469 1105 accidere
1498 1077 1574 1117 po-

130 1129 335 1178 tuissent,
356 1127 554 1182 profecto
572 1141 730 1182 magna
749 1141 808 1169 ex
827 1132 951 1182 parte
973 1134 1190 1182 promotae
1208 1142 1277 1170 res
1297 1130 1504 1181 hostium,
1521 1144 1574 1172 ac

131 1196 375 1238 dubitatum
395 1195 449 1236 de
469 1208 639 1236 summa
656 1208 798 1237 rerum
818 1195 989 1237 fuisset.
1027 1196 1165 1249 Igitur
1186 1196 1389 1250 Ulysses,
1410 1198 1573 1239 veritus

129 1261 220 1301 vim
242 1261 657 1319 offensi-exercitus,
693 1261 807 1302 clam
839 1261 1058 1302 Ismarum
1080 1261 1313 1315 aufugitzh
1344 1268 1478 1316 atque
1510 1263 1575 1304 ita

130 1327 375 1369 Palladium
413 1328 531 1382 apud
564 1328 828 1370 Diomedem
859 1332 1018 1369 manet.
1095 1329 1202 1384 [16.]
1233 1328 1441 1370 Ceterum
1472 1334 1574 1383 post

130 1395 386 1436 abscessum
407 1394 597 1449 Ulyssis,
622 1394 827 1444 Hecuba,
849 1407 937 1448 quo
958 1395 1187 1436 servitium
1207 1400 1345 1436 morte
1367 1395 1569 1444 solveret,

128 1460 268 1502 multa
287 1462 480 1515 ingerere
500 1460 751 1511 maledicta,
781 1460 1104 1517 imprecatique
1133 1461 1323 1502 infausta
1353 1463 1501 1502 omina
1531 1462 1573 1501 in

129 1529 392 1570 exercitum:
424 1541 558 1583 quare
579 1534 721 1569 motus
750 1527 877 1568 miles
907 1527 1135 1582 lapidibus
1158 1529 1387 1569 obrutam⁵
1417 1526 1577 1577 necat,i

732 1656 968 1670 000000000000

125 1748 146 1777 4
169 1745 294 1787 Delph.
309 1745 494 1786 quibus.——5
519 1745 603 1777 Post
618 1745 759 1777 obrutam
774 1745 878 1777 habet
904 1745 1028 1787 Delph.
1043 1754 1172 1784 vocem,
1187 1754 1265 1784 eam,
1287 1747 1323 1775 et
1345 1753 1421 1774 mox
1439 1743 1468 1775 ei
1495 1749 1571 1784 post

780 1850 921 1883 NOTAE

168 1918 182 1934 ε
207 1912 297 1944 Nunc
321 1912 445 1952 AJ'acem
465 1912 631 1954 inclytum]
662 1914 818 1955 Suspica-
873 1917 924 1946 30.
947 1913 995 1945 ait
1012 1913 1151 1955 Ajacem
1175 1922 1284 1955 prope
1305 1913 1441 1955 Sigeum
1457 1914 1570 1955 sepul-

125 1963 250 1995 bantur
274 1962 362 1994 enim
389 1972 449 2004 per
473 1973 530 1994 eos
547 1963 691 2004 Ajacem
715 1964 819 1996 inter·
873 1968 944 1995 tum
960 1963 1073 1995 fuisse.

125 2012 251 2046 fectum
279 2013 398 2054 fuisse,
425 2014 483 2055 qui
513 2019 625 2046 tamen
651 2024 687 2045 se
711 2015 820 2055 ipsum
915 2018 929 2041 Β
952 2012 1315 2054 Sepeliendusprocurat]
1339 2013 1569 2053 Neoptolemo

125 2062 265 2094 occidit.
311 2062 451 2094 Homer.
468 2062 627 2103 Sophocl.
642 2062 821 2096 Ovid.&c.

123 2112 252 2144 Tamen
268 2112 377 2143 Dares
399 2112 570 2153 Phrygius
586 2112 717 2153 scribit,
737 2113 821 2155 Aja-

124 2171 198 2193 cem
219 2172 239 2193 a
262 2161 386 2194 Paride
409 2162 617 2193 vulneratum
641 2163 821 2196 interiisse.

123 2211 179 2243 Ita
194 2215 230 2244 et
243 2211 450 2243 Scholiastes
466 2212 652 2253 Sophoclis.

166 2261 179 2283 s
198 2262 238 2293 In
264 2261 406 2302 Rhoeteo]
436 2261 551 2302 Trojae
579 2262 820 2303 promontorio,

125 2311 197 2343 sive
213 2312 354 2353 tumulo,
370 2312 426 2342 ubi
440 2311 518 2343 urbs
533 2312 634 2343 etiam
646 2310 709 2343 fuit
722 2312 820 2344 Rhoe-

125 2365 216 2392 teum
241 2361 344 2394 dicta.
380 2361 496 2393 Strab.
525 2370 606 2394 xm.
634 2363 643 2379 ‘
660 2361 819 2403 Sequitur

125 2411 318 2451 Rhoeteum,
348 2411 427 2442 urbs
464 2411 593 2443 tumulo
626 2411 738 2451 insita,
770 2412 818 2443 ei·

124 2471 190 2502 que
203 2462 379 2503 contiguus
390 2461 517 2493 litoreae
530 2471 643 2493 arenae
657 2461 817 2502 tumulus,

123 2510 316 2543 Aianteium
354 2511 450 2553 quasi
490 2510 688 2552 Ajacenum.
747 2512 816 2543 Ubi

124 2567 374 2593 monumentum
402 2565 456 2593 est
480 2561 598 2602 Ajacis
627 2565 664 2593 et
691 2565 816 2592 statua.

124 2610 224 2643 Hanc
239 2620 313 2643 cum
336 2611 502 2643 sublatam
521 2611 688 2643 Antonius
711 2612 743 2642 in
761 2611 816 2642 ΙΕ-

123 2665 264 2701 gyptum
280 2661 521 2697 transtulisset,
532 2671 605 2692 eam
619 2670 732 2692 rursus
746 2661 815 2692 Au-

125 2714 241 2750 gustus
266 2710 502 2743 Rhoetensibus
525 2711 689 2751 reddidit,
713 2717 751 2742 ut
780 2716 816 2743 et

125 2759 238 2792 multis
255 2760 326 2793 aliis
341 2759 450 2793 fecit!
495 2761 624 2794 Plinius
640 2765 767 2802 tamen,
784 2770 817 2793 v.

874 2063 906 2095 id
921 2063 1045 2094 Noster
1062 2063 1196 2102 tribuit,
1212 2063 1302 2105 quod
1318 2063 1502 2104 Sophocles
1516 2072 1571 2094 ve·

876 2112 1047 2144 risimilius
1062 2113 1206 2143 Teucro.

918 2160 932 2181 ¹¹
952 2162 1041 2192 Clam
1053 2162 1205 2192 Ismarum
1219 2160 1359 2200 aufugit]
1377 2160 1457 2201 Ipse
1469 2161 1569 2202 Ulys-

876 2221 944 2251 ses,
969 2212 1057 2253 apud
1082 2211 1185 2243 Hom.
1202 2211 1270 2243 Od.
1288 2214 1313 2242 1.
1335 2215 1451 2242 narrat
1477 2220 1526 2251 se,
1550 2221 1570 2242 a

873 2263 972 2304 Troja
1011 2261 1215 2303 profectum,
1246 2262 1354 2293 ventis
1385 2261 1569 2294 Ciconibus

874 2314 1054 2353 appulsum
1085 2312 1126 2343 ad
1154 2312 1318 2343 Ismarum
1335 2322 1343 2342 :
1373 2311 1499 2342 Ἰλιόθεν
1530 2325 1569 2351 με

872 2362 971 2404 φέρων
980 2362 1089 2401 ἄνεμος
1098 2360 1263 2393 Κικόνεσσι
1277 2360 1450 2403 πέλασσεν,
1463 2361 1568 2401 Ἰσμά-

871 2425 923 2453 ρῳ,
947 2414 956 2431 ‘
971 2411 1026 2444 Ab
1042 2412 1105 2443 Ilio
1121 2421 1174 2442 me
1192 2411 1306 2443 ferens
1330 2417 1451 2443 ventus
1467 2412 1567 2445 Cico-

871 2463 970 2494 nibus
986 2461 1148 2500 admovit,
1172 2461 1213 2492 ad
1235 2461 1425 2493 Ismarum.’
1470 2462 1568 2494 Cico-

870 2522 930 2544 nes
953 2517 1065 2543 autem
1091 2510 1247 2541 Thraciae
1278 2511 1405 2551 populi,
1427 2511 1469 2542 ad
1497 2512 1569 2543 He-

871 2561 967 2593 brum
1004 2559 1163 2599 fluvium3
1208 2559 1265 2590 ubi
1302 2561 1381 2591 urbs
1418 2561 1567 2593 Ismarus

871 2620 976 2651 prope
991 2611 1145 2641 Scoenum
1161 2608 1298 2640 fluvium
1308 2610 1385 2650 sita,
1398 2619 1416 2641 e
1430 2612 1567 2652 regione

870 2661 1057 2692 Maroneae.

911 2710 919 2730 ἱ
936 2709 1106 2750 Lapidibus
1121 2709 1260 2740 obrutam
1275 2709 1380 2750 necat]
1401 2708 1466 2740 Alii
1481 2710 1563 2740 scri-

873 2760 970 2801 bunt,
989 2760 1165 2792 Hecubam
1182 2769 1217 2792 se
1240 2759 1274 2791 iu
1296 2768 1388 2791 mare
1404 2760 1561 2801 praecipi-
