1915 3231
547 296 610 325 DE
645 294 803 324 BELLo
835 292 1063 323 TROJANO
1100 292 1192 321 [ΑΒ.
1225 293 1292 322 1v.
1552 280 1639 322 215

188 388 326 430 fidens
347 387 392 429 in
414 401 599 441 pugnam
621 388 779 442 pergit,
800 399 934 429 cornu
955 385 1112 427 dextro
1131 383 1388 437 sagittariis,
1405 384 1542 425 altero
1565 397 1640 438 pe-

187 455 351 495 ditibus
386 454 618 505 instructo‚
654 455 829 495 medios
861 453 1036 507 equites
1066 451 1283 493 collocat:
1315 452 1359 491 in
1379 450 1479 503 quis
1506 451 1641 503 ipsa.4

187 520 351 562 Contra
372 521 427 560 ab
448 521 610 561 nostris
633 521 694 562 ita
715 532 963 569 occursum,
985 522 1035 559 ut
1055 517 1295 570 sagittariis
1319 517 1553 557 Menelaus
1574 522 1642 557 at-

187 602 274 642 que
295 587 501 640 Ulysses,
529 592 572 629 et
603 601 704 629 cum
739 587 914 629 Teucro
950 586 1191 637 Meriones,
1223 586 1453 640 peditibus
1474 583 1642 637 Ajaces

187 656 291 705 dun,
313 655 576 705 Diomedes,
597 655 922 707 Agamemnon,
938 653 1243 707 Tlepolemus,
1261 658 1307 693 et
1323 664 1423 692 cum
1439 651 1641 691 Ialmeno

191 721 472 774 Ascalaphus
493 725 839 775 opponerentur3
871 722 916 761 in
936 720 1108 773 equites
1130 719 1186 759 ab
1206 717 1378 759 Achille
1400 721 1442 758 et
1461 715 1643 769 reliquis

188 788 378 829 ducibus
400 792 682 841 pugnaretur.
741 788 848 829 Hoc
879 787 1012 828 modo
1046 786 1258 827 instructo
1280 785 1496 837 utrimque
1517 795 1644 823 exer-

190 856 296 904 citu,
327 854 566 895 conflixere
593 855 737 895 acies:
769 853 937 896 cadunt
958 853 1131 906 sagittis
1155 852 1316 905 reginae
1347 849 1537 904 plurimi,
1571 861 1645 888 ne-

189 934 273 974 que
306 923 362 962 ab
392 921 572 963 Teucris
608 934 741 962 secus
776 921 1000 962 bellatum.
1063 919 1244 960 Interim
1271 917 1453 971 AJaceS,
1490 919 1537 956 et
1568 915 1644 968 qui

189 1000 292 1028 cum
313 988 381 1028 his
404 993 541 1038 erant,
557 987 736 1041 pedites
757 991 909 1028 contra
931 998 1042 1040 quos
1064 989 1283 1026 steterant
1304 984 1491 1032 caedere,
1505 995 1557 1023 ac
1575 993 1644 1022 re-

193 1059 362 1096 stantes
381 1060 394 1084 ⁵
426 1054 648 1096 detrudere
683 1054 964 1102 umbonibus,
996 1064 1188 1105 moxque
1223 1051 1426 1103 repulsos
1465 1050 1645 1090 obtrun-

193 1133 309 1162 care.
406 1120 561 1174 Neque
598 1120 746 1174 quoad
786 1119 944 1160 deletae
992 1118 1193 1171 peditum
1233 1117 1390 1170 copiae,
1439 1116 1540 1156 finis
1579 1114 1644 1154 fit.

193 1186 276 1240 [3.]
306 1187 368 1227 At
385 1187 401 1212 ⁶
423 1185 626 1227 Achilles
648 1186 764 1226 inter
783 1185 976 1239 equitum
997 1189 1163 1225 turmas
1185 1183 1510 1224 Penthesileam
1540 1194 1646 1222 nac-

194 1252 300 1302 tus,¹¹
330 1253 459 1294 hasta
491 1254 634 1306 petit:
664 1265 807 1306 neque
847 1249 1070 1292 difficilius
1103 1263 1236 1304 quam
1265 1249 1491 1290 foeminam
1528 1261 1644 1301 equo

194 1319 407 1369 deturbat,
440 1332 574 1361 manu
603 1317 977 1371 comprehendens
1012 1329 1156 1366 coma,
1193 1320 1325 1369 atque
1361 1315 1425 1356 ita
1459 1315 1648 1367 graviter

192 1386 461 1428 vulneratam
484 1385 729 1426 detrahens.
792 1382 929 1434 Quod
948 1383 1023 1424 ubi
1045 1383 1185 1424 visum
1209 1386 1296 1431 est,
1317 1385 1409 1422 tum
1430 1393 1538 1421 vero
1553 1380 1648 1421 nul-

191 1452 282 1492 lam
302 1466 425 1506 spem
446 1452 492 1492 in
513 1451 647 1493 armis
667 1451 766 1500 rati,
786 1450 934 1503 fugam
960 1449 1142 1490 faciunt.
1202 1447 1468 1500 clausisque
1490 1447 1649 1488 civita-

193 1519 250 1559 tis
271 1521 426 1572 portis‚
448 1519 586 1559 nostri
610 1517 819 1570 reliquos,
841 1529 957 1570 quos
978 1515 1085 1568 suga
1104 1512 1240 1556 belloi
1269 1518 1508 1563 exemerat,
1530 1515 1649 1554 inse-

195 1587 285 1626 cuti
321 1587 615 1627 obtruncant:
644 1584 838 1625 foeminis
869 1587 1017 1624 tamen
1054 1582 1330 1623 abstinentes
1361 1592 1515 1620 manus
1547 1593 1648 1633 par-

197 1656 435 1704 centesque
458 1651 598 1691 sexui.
659 1650 775 1691 Dein
796 1649 864 1689 uti
885 1649 1072 1702 quisque
1095 1647 1512 1697 victor,interfectis
1534 1659 1648 1700 quos

193 1718 427 1759 adversum
444 1719 568 1769 ierat,
590 1716 928 1770 regrediebatur,
950 1714 1279 1757 Penthesileam
1301 1714 1444 1755 visere
1466 1715 1650 1754 seminc-

192 1797 288 1825 cem
311 1785 443 1825 etiam
465 1797 594 1833 nunc,
618 1783 913 1836 admiratique
935 1782 1180 1824 audaciam.
1243 1781 1317 1822 Ita
1338 1781 1459 1821 brevi
1478 1781 1535 1820 ab
1557 1794 1650 1822 om-

191 1852 322 1893 nibus
343 1852 386 1892 in
407 1851 594 1892 eundem
614 1850 764 1891 locum
784 1862 1060 1899 concursum,
1074 1849 1402 1903 placitumque⁷
1420 1845 1435 1868 ¹<
1457 1848 1518 1888 uti
1540 1861 1649 1901 quo-

804 1966 1041 1980 eeeeeeeeeee

193 2058 254 2086 —5
280 2054 363 2095 Arg.
381 2053 465 2086 Cod.
482 2055 741 2086 resistentes.—6
763 2052 947 2084 Omittitur
963 2052 1084 2084 vocula
1099 2056 1133 2083 at
1157 2052 1188 2082 in
1213 2051 1343 2092 Delpli.
1359 2055 1395 2082 et
1412 2059 1491 2081 mox
1508 2049 1649 2080 exhibet

192 2100 382 2129 comam—7
407 2097 447 2128 In
464 2097 586 2129 Petav.
603 2096 688 2128 Cod.
701 2096 910 2137 pataramque.
943 2095 1094 2127 Mercer.
1117 2094 1298 2136 legendum
1316 2098 1413 2135 putat
1435 2096 1651 2133 actumque.—

846 2202 991 2235 NOTAE

193 2275 308 2313 latrix,
323 2275 495 2317 audetque
512 2275 592 2307 viris
608 2285 812 2308 concurrere
830 2276 895 2307 vir-

194 2326 261 2366 go!
303 2326 370 2357 Ubi
398 2326 536 2358 Servius
551 2337 561 2359 :
593 2327 603 2344 ‘
621 2327 791 2358 Homerus
821 2326 895 2357 haec

193 2377 315 2417 tacuit,
337 2387 412 2417 quae
428 2375 519 2409 facta
536 2381 614 2408 sunt
636 2381 714 2418 post
729 2376 894 2408 Hectoris

194 2425 362 2458 mortem?

236 2475 250 2495 ¹¹
271 2475 502 2507 Penthesileam
515 2479 636 2515 nactus,
649 2475 721 2517 fisca]
745 2475 896 2507 Penthe-

194 2525 311 2556 sileam
345 2525 386 2556 ab
416 2524 550 2557 Achille
579 2527 724 2557 occisam
754 2530 895 2557 narrant

193 2575 407 2615 Lycophron,
435 2575 582 2607 Quintus
609 2574 768 2610 Calaber,
791 2576 893 2606 Tzet-

194 2635 259 2664 Ζεῦ,
276 2626 429 2656 Eustath.
445 2625 594 2665 Servius,
607 2627 671 2657 &c.
708 2626 807 2657 Solus
823 2627 894 2657 Da-

196 2683 250 2705 res
264 2684 338 2705 eam
356 2684 375 2705 a
390 2674 523 2715 Pyrrho
539 2676 684 2707 occisam
700 2675 796 2707 dicit.

244 2722 372 2764 ίΒεῑιο]
410 2724 468 2755 Sic
497 2733 633 2766 semper
661 2725 806 2766 Dictys;
831 2734 894 2766 pro

198 2782 323 2814 pugna,
338 2774 468 2813 praelio.

241 2821 255 2842 ¹‘
271 2823 500 2864 Placitumque]
515 2824 564 2855 Ut
577 2823 732 2857 videatur
744 2824 893 2856 scriben-

949 2275 1030 2306 dum
1046 2274 1055 2292 ‘
1068 2278 1250 2314 actumque
1264 2271 1286 2304 :'
1309 2272 1372 2303 hoc
1387 2275 1450 2310 est,
1463 2270 1650 2302 ‘delibera-

949 2324 1046 2357 tum!
1100 2323 1262 2355 Nondum
1292 2322 1381 2352 enini
1412 2321 1445 2351 id
1472 2320 1651 2351 decretum

950 2380 1036 2413 erat,
1049 2374 1159 2404 donec
1174 2371 1372 2410 Diomedes,
1386 2370 1511 2411 rogatis
1524 2370 1650 2401 ducum

950 2423 1143 2462 sententiis,
1174 2422 1206 2453 id
1233 2421 1308 2452 fieri
1334 2420 1478 2452 curavit.
1511 2421 1647 2451 Mercer.

948 2477 1022 2516 Ego
1037 2474 1120 2506 nihil
1140 2471 1336 2504 mutandum
1359 2475 1467 2511 puto:
1490 2471 1651 2510 placebat

947 2525 1102 2557 omnibus
1123 2532 1196 2554 eam
1218 2523 1252 2553 in
1277 2520 1402 2552 flumen
1426 2519 1652 2560 praecipitari,

949 2575 1008 2607 sed
1027 2574 1181 2606 Achilles
1193 2582 1267 2603 eam
1280 2571 1427 2611 sepelire
1440 2569 1648 2608 conabatur3

948 2635 1024 2657 cum
1042 2623 1242 2660 Diomedes,
1256 2622 1325 2652 alta
1338 2629 1420 2651 voce
1431 2620 1558 2660 rogatis
1571 2629 1645 2650 sen-

948 2675 1078 2712 tentiis,
1111 2683 1185 2704 eam
1212 2672 1247 2702 in
1276 2669 1520 2702 Scamandrum
1545 2670 1646 2710 jacit.

948 2724 1014 2756 Sed
1031 2725 1103 2754 haec
1117 2722 1217 2753 aliter
1231 2724 1346 2751 narrat
1358 2719 1518 2758 Tzetzes,
1530 2719 1564 2749 in
1582 2719 1648 2759 Ly-

947 2774 1107 2815 cophron.
1122 2773 1170 2804 ait
1183 2770 1284 2805 enim,
1298 2769 1459 2808 Achilles,
1469 2778 1545 2800 cum
1557 2769 1648 2800 Pen-

948 2824 1124 2856 thesileam
1141 2820 1335 2855 occidisset,
1359 2818 1594 2851 fortitudinem
1613 2829 1647 2850 e-
