1915 3231
281 285 338 326 42
636 296 740 326 JAc,
774 294 1028 325 PERizoNu
1063 293 1390 325 DISSERTATio

281 391 337 432 de
372 389 569 432 ‘AEthra'
601 391 761 432 comite
797 390 998 439 Helenae,
1020 401 1121 442 quae
1153 387 1281 428 suerit
1309 390 1446 427 mater
1478 385 1658 436 Thesei,
1688 390 1733 428 et

281 471 386 513 quae
407 458 506 499 ideo
528 457 867 511 Demophoonti
887 456 1051 497 Thesei
1075 455 1125 495 F.
1143 458 1269 495 extra
1284 452 1480 495 ordinem
1493 454 1734 506 assignata,

285 537 352 567 lv,
373 525 444 567 13.
471 525 644 566 redierit
671 528 772 578 post
794 529 974 577 captam
1001 523 1184 576 Trojam
1206 521 1421 571 Athenas,
1443 520 1561 574 quod
1583 533 1610 562 a
1629 532 1732 561 vero

282 597 348 635 est
368 593 700 640 alienissimum,
716 597 762 631 et
777 591 875 631 ideo
890 590 984 644 jam
1007 590 1063 630 ab
1084 589 1196 642 ipsis
1210 587 1450 629 Veteribus
1471 587 1731 641 explosum:

281 659 335 700 de
352 662 365 680 ‘
381 658 562 700 Castore
583 662 625 699 et
661 657 870 706 Polluce,'
902 657 1089 697 Helenae
1117 655 1343 705 fratribus,
1375 654 1519 695 adhuc
1545 654 1734 695 viventi-

281 726 367 767 bus
388 730 584 767 extremo
605 724 707 766 belli
728 724 911 778 Trojani
933 736 1063 772 anno,
1089 733 1159 764 111.
1178 722 1246 764 25.
1271 721 1327 762 de
1365 720 1602 762 Memnone
1635 720 1734 761 ‘Ti-

281 793 407 835 thoni
433 798 567 847 atque
598 790 810 841 Aurorae,'
841 805 933 841 seu,
956 796 1007 832 ut
1038 791 1102 831 ait
1124 801 1190 830 v1.
1225 791 1296 830 10.
1330 792 1342 810 ‘
1363 787 1594 829 Hemerae'
1623 786 1734 836 filio,

281 861 358 915 qui
380 864 504 902 ‘cum
525 860 652 901 Indis
666 864 798 913 atque
812 859 1100 912 AEthiopibus
1120 859 1175 899 ab
1196 858 1318 912 jugis
1341 857 1534 899 Caucasi
1548 854 1734 897 montis'

280 927 464 981 Trojam
496 929 680 977 venerit,
704 938 771 968 [V.
793 930 833 967 4.
893 926 1009 967 Tum
1034 925 1153 979 quod
1185 926 1237 966 Io
1265 925 1374 966 dicit
1404 927 1491 965 ‘ex
1526 923 1733 964 Sidonio-

279 1007 376 1036 rum
397 996 568 1047 regione
587 993 597 1011 '
627 998 799 1047 raptam
821 994 876 1034 ab
893 993 1071 1045 Argivis
1092 1004 1144 1033 11.
1173 993 1242 1034 26.
1264 994 1380 1046 quod
1403 1005 1463 1033 ex
1480 990 1732 1039 Herodoto,

280 1074 409 1114 quem
430 1061 509 1102 lib.
529 1072 559 1101 1.
581 1062 685 1114 ipso
706 1061 752 1101 in
774 1060 902 1100 initio
924 1059 1081 1101 videas
1102 1060 1250 1109 velim,
1272 1064 1316 1100 et
1344 1072 1443 1101 cum
1462 1062 1607 1100 nostro
1629 1070 1733 1099 con-

278 1128 409 1178 feras,
431 1129 639 1169 aberrans
661 1128 800 1168 nostri
823 1127 1020 1168 auctoris
1048 1128 1262 1167 memoria
1288 1126 1462 1167 videtur
1495 1124 1732 1166 sumsisse:

281 1195 470 1250 denique
491 1196 610 1249 quod
630 1195 875 1247 Telephum
895 1195 1004 1235 facit
1023 1194 1191 1246 Regem
1213 1198 1225 1215 ‘
1241 1193 1420 1235 Moesiae
1436 1192 1447 1209 '
1467 1193 1512 1234 in
1536 1191 1732 1244 Europa,

279 1262 395 1303 unde
416 1262 612 1304 difficilis
644 1266 764 1302 esset
798 1262 1026 1315 navigatio
1047 1261 1229 1315 Trojam
1260 1273 1430 1311 versus,
1459 1272 1539 1300 nec
1558 1259 1731 1300 institui

280 1330 514 1371 commode
548 1334 702 1383 posset
741 1329 828 1370 nisi
862 1329 990 1370 initio
1023 1329 1158 1374 veris,
1191 1332 1460 1382 quapropter
1499 1332 1545 1368 et
1583 1327 1732 1369 Graeci

278 1397 378 1438 inde
409 1397 614 1438 redierint
633 1398 677 1437 in
699 1396 940 1446 Boeotiam,
960 1401 1009 1436 ut
1028 1396 1092 1437 ita
1108 1396 1303 1449 sequenti
1324 1396 1501 1436 demum
1517 1407 1646 1444 anno,
1667 1406 1734 1434 re-

278 1467 478 1517 petentes
495 1464 606 1505 hanc
621 1463 961 1516 navigationem,
977 1462 1161 1517 Trojam
1181 1463 1326 1516 ipsam
1342 1461 1596 1503 invaderent
1617 1471 1668 1502 11.
1686 1462 1730 1503 7.

279 1543 381 1571 cum
396 1531 526 1572 fuerit
540 1531 617 1571 ille
649 1530 753 1572 Rex
775 1530 934 1584 Mysiae
956 1531 1003 1571 in
1024 1529 1153 1579 Asia,
1193 1530 1382 1583 regionis
1404 1542 1504 1583 quae
1525 1529 1732 1582 proxima

279 1601 372 1639 erat
391 1598 554 1652 Trojae.
613 1596 732 1638 Vide
763 1598 826 1638 ibi
857 1597 1040 1639 doctiss.
1072 1597 1336 1649 Memerum,
1359 1597 1435 1649 qui
1455 1601 1501 1636 et
1516 1596 1607 1637 alia
1628 1608 1732 1649 pas-

280 1664 363 1705 sim
385 1664 627 1714 annotavit,
649 1665 781 1718 inque
809 1665 868 1706 iis
897 1665 1029 1706 etiam
1059 1665 1175 1705 male
1197 1677 1256 1704 ex
1277 1663 1475 1704 Homero
1493 1662 1730 1717 descripta.

278 1729 343 1772 Ut
362 1731 473 1772 adeo
495 1735 658 1772 certum
690 1744 750 1772 ex
771 1731 896 1773 hisce
915 1732 1117 1772 omnibus
1138 1731 1210 1780 sit,
1239 1730 1379 1772 fuisse
1409 1743 1510 1771 eum
1530 1743 1618 1770 non
1639 1743 1732 1771 mo-

279 1797 337 1839 do
366 1810 450 1839 non
489 1799 662 1839 socium
699 1798 826 1840 istius
863 1798 1175 1852 expeditionis,
1215 1811 1305 1852 quo
1337 1804 1473 1852 pacto
1506 1801 1592 1838 tam
1631 1810 1730 1850 gra-

278 1865 390 1906 viter
410 1867 452 1906 in
480 1866 568 1907 illis
598 1878 737 1907 errare
770 1878 859 1906 non
882 1867 1117 1919 potuisset,
1139 1864 1217 1907 sed
1238 1867 1341 1919 ipso
1365 1865 1495 1906 etiam
1534 1864 1729 1906 Homero

279 1933 503 1974 seriorem.

337 2010 484 2040 xx1v.
516 2000 656 2041 Porro
689 2000 824 2041 etiam
851 2000 1174 2053 quamplurima
1202 1999 1435 2054 poetarum
1466 2003 1729 2050 commenta,

278 2067 386 2107 nihil
407 2069 500 2108 veri
522 2068 800 2117 continentia,
817 2071 861 2108 et
880 2072 1028 2109 tamen
1047 2067 1137 2117 hic,
1160 2069 1197 2108 si
1225 2068 1323 2108 Diis
1343 2067 1508 2120 placet,
1529 2080 1610 2120 pro
1624 2080 1728 2109 vero

277 2135 406 2175 nobis
437 2135 676 2185 venditata,
711 2136 1017 2176 auctoritatem
1045 2135 1158 2189 ejus,
1188 2140 1235 2176 et
1263 2134 1458 2175 maxime
1489 2134 1730 2188 antiquita-

276 2205 367 2241 tem
388 2206 573 2251 tantam,
594 2215 779 2255 prorsus
809 2202 982 2242 elevant
1011 2206 1052 2242 et
1081 2202 1322 2243 destruunt.
1381 2201 1494 2242 Tale
1526 2208 1595 2242 est
1625 2201 1730 2242 Pal·

277 2267 458 2318 ladium,
477 2282 563 2322 quo
585 2269 732 2310 ablato
762 2270 944 2310 exitium
975 2269 1126 2323 Trojae
1157 2269 1404 2309 immineret
1426 2282 1435 2310 :
1470 2269 1625 2322 Equus
1646 2269 1728 2322 lig-

276 2347 397 2385 neus,
428 2335 555 2389 cujus
585 2337 629 2377 in
659 2337 810 2376 urbem
841 2336 1078 2377 inducendi
1114 2348 1251 2376 causa
1283 2335 1464 2389 Trojani
1495 2335 1729 2377 confestim

276 2402 418 2454 primo
440 2402 524 2452 die,
547 2403 677 2455 quasi
693 2415 898 2455 magnum
920 2402 962 2442 in
984 2415 1108 2443 mora
1129 2402 1374 2455 periculum
1394 2407 1528 2450 esset,
1557 2406 1728 2454 portam

277 2472 320 2508 et
340 2482 489 2510 muros
520 2470 647 2510 urbis
677 2469 948 2523 dejecerint:
981 2469 1100 2510 Muri
1133 2470 1178 2509 hi
1210 2469 1313 2522 ipsi,
1345 2471 1357 2489 ‘
1376 2467 1575 2521 Neptuni
1598 2473 1728 2523 atque

277 2535 505 2589 Apollinis
523 2535 833 2585 monumenta,'
854 2536 940 2578 hoc
961 2541 1043 2584 est,
1063 2537 1118 2578 ab
1139 2536 1229 2576 illis
1252 2535 1369 2584 Diis,
1390 2539 1438 2576 ut
1465 2535 1727 2587 fingebatur,

277 2602 520 2642 exstructi:
553 2602 745 2644 Hecuba
782 2603 914 2644 Parin
946 2603 1131 2651 editura,
1154 2603 1379 2643 somnians
1410 2615 1458 2642 se
1488 2614 1641 2654 parere
1661 2601 1727 2642 sa-

277 2679 388 2716 cem,
412 2681 501 2720 qua
522 2668 856 2721 conflagraverit
875 2670 1026 2723 Troja,
1049 2670 1249 2722 exceptis
1281 2669 1452 2710 aedibus
1485 2668 1726 2709 Antenoris

277 2739 320 2775 et
342 2735 513 2784 AEneae,
535 2735 722 2790 ideoque
745 2737 979 2790 expositus
1010 2742 1114 2777 tunc
1138 2736 1282 2785 Paris,
1309 2736 1445 2788 idque
1476 2740 1632 2788 postea
1664 2749 1728 2777 re·

276 2802 419 2842 ferens
441 2802 538 2855 ipse
559 2803 764 2845 Priamus
788 2818 798 2845 t
832 2804 1032 2845 Helenus
1058 2804 1225 2845 Priami
1248 2802 1297 2843 F.
1319 2804 1408 2844 sata
1428 2801 1575 2856 Trojae
1597 2811 1726 2844 enun-⁴
