1915 3231
277 263 334 304 78
861 272 973 301 nuo.
1006 270 1152 300 sanos

278 371 472 420 modum,
513 370 718 423 Ulyssem
759 374 803 410 et
844 368 1115 416 Diomedem,
1151 367 1314 419 quibus
1360 366 1494 406 hasce
1536 365 1719 406 insidias

279 438 521 492 praesertim
553 441 787 484 struxerat,
826 436 1069 476 incolumes
1099 433 1315 480 evasisse,
1346 431 1511 472 doloris
1544 432 1718 484 impati-

281 505 403 545 entia
419 505 462 545 in
480 516 597 543 mare
616 515 712 543 sese
742 502 1014 555 praecipitem
1036 499 1167 540 dedit.
1227 498 1449 551 Hyginus,
1481 496 1578 539 116.
1608 498 1723 538 Fab.

280 576 325 612 et
363 574 518 623 praeter
557 568 778 618 Ovidium,
817 568 1052 621 Virgilium
1092 569 1224 619 atque
1263 566 1490 615 Senecam,
1530 564 1720 606 breviter

281 636 550 690 Propertius,
576 647 642 675 ιν.
664 636 705 675 l.

450 702 676 755 Nauplius
696 702 858 742 ultores
877 701 959 741 sub
981 705 1158 740 noctem
1174 697 1355 751 porrigit
1375 696 1515 749 ignes,

505 769 561 809 Et
581 773 704 810 natat
724 767 902 809 exuviis
924 766 1102 807 Graecia
1124 776 1276 818 pressa
1296 764 1405 804 suis.

337 835 555 876 Nummus
575 839 641 875 est
662 833 1004 881 Buthrotiorum,
1027 845 1153 886 quem
1177 830 1380 872 Goltzius
1403 829 1540 878 dedit,
1567 827 1714 869 Graec.

284 913 326 941 v.
364 902 477 943 Tab.
498 902 538 942 3.
569 901 704 942 Num.
727 904 769 941 et
799 900 993 940 haerente
1026 897 1222 941 Nonnio,
1250 896 1456 949 expedite
1489 894 1719 936 illustravit

283 969 494 1021 Begerus,
516 967 723 1021 Spicileg.
750 968 815 1007 15.
838 965 973 1006 Num.
997 969 1041 1006 et
1059 963 1257 1005 Troicor.
1275 962 1345 1002 68.

585 1112 699 1155 XV.
759 1111 944 1153 URNA
974 1110 1418 1153 SEPULCRALIS.

792 1199 896 1240 Lus.
919 1211 972 1240 11.
1003 1198 1119 1240 CAP.
1142 1199 1209 1240 15.

348 1292 360 1311 ‘
382 1288 523 1341 Igitur
553 1301 579 1328 a
599 1287 772 1329 cunctis
794 1286 986 1336 Graecis,
1010 1287 1127 1328 velut
1144 1288 1370 1341 publicum
1390 1287 1524 1329 funus
1545 1287 1642 1342 ejus

461 1361 699 1395 crematum
721 1355 826 1407 igni,
847 1367 981 1395 aureo
1001 1355 1182 1395 vasculo
1201 1355 1417 1408 sepultum
1437 1354 1531 1396 est.'

338 1431 618 1473 CADAVERA
649 1445 838 1473 cremare
868 1432 1092 1474 Thebanis
1113 1445 1165 1473 ac
1195 1432 1401 1486 TroJanis
1432 1431 1720 1485 tempor-ibim,

281 1499 454 1540 Graecis
473 1503 567 1539 erat
593 1499 636 1540 in
658 1512 777 1540 more
798 1499 1006 1553 positum,
1067 1498 1202 1538 Hom.
1223 1498 1276 1538 Il.
1292 1515 1331 1537 α.
1352 1503 1393 1539 et
1413 1498 1460 1546 ψ.
1482 1498 1721 1552 quinimmo

282 1571 328 1606 et
360 1570 462 1619 post
482 1565 573 1606 illa.
630 1565 835 1619 Thucyd.
859 1576 911 1605 11.
944 1570 990 1606 et
1022 1565 1197 1606 Lucret.
1220 1576 1286 1605 vl.
1316 1565 1436 1618 apud
1459 1563 1720 1605 Kirchman-

281 1645 398 1680 num,
434 1631 489 1672 de
527 1631 638 1672 Fun.
670 1632 910 1672 Romanor.
934 1641 963 1670 1.
985 1631 1026 1673 1.
1058 1631 1138 1671 sed
1167 1636 1212 1671 et
1242 1631 1484 1680 Romanos,
1514 1631 1602 1672 nisi
1632 1641 1715 1670 nos

280 1698 435 1739 fallant
468 1697 637 1746 Poetae,
673 1699 729 1739 ab
760 1699 857 1751 ipsa
894 1697 1041 1738 Roma
1071 1696 1263 1737 condita.
1326 1696 1456 1738 Ovid.
1490 1709 1557 1737 iv.
1593 1696 1718 1737 Fast.

280 1764 381 1805 856.
411 1764 465 1805 de
502 1764 632 1805 Remi
662 1765 880 1817 exequiiS,
915 1769 961 1805 et
999 1764 1176 1817 quidem
1206 1777 1348 1817 usque
1389 1764 1445 1804 ad
1477 1762 1719 1804 Theodosii

282 1831 527 1884 imperium.
560 1830 760 1871 Macrob.
782 1830 1003 1871 Saturnal.
1026 1841 1112 1870 vil.
1133 1831 1174 1871 7.
1235 1830 1401 1871 Verum
1423 1830 1524 1872 vide
1541 1835 1582 1872 et
1600 1829 1719 1870 Plin.

285 1897 346 1938 H.
369 1897 475 1938 Nat.
498 1908 583 1938 vu.
604 1898 674 1937 54.

339 1963 519 2004 Cineres
556 1967 712 2012 autem,
748 1968 854 2017 post
890 1963 1228 2004 cremationem:
1263 1969 1307 2004 et
1344 1964 1600 2016 ossilegium
1643 1963 1716 2014 (de

283 2031 444 2084 quibus
465 2031 634 2084 prolixe
655 2029 910 2071 Kirchman.
931 2040 1003 2069 111.
1030 2030 1071 2070 2.
1094 2034 1136 2070 et
1159 2041 1229 2070 111.
1249 2028 1317 2084 7.)
1344 2043 1371 2071 a
1392 2030 1594 2083 cognatis
1615 2042 1720 2071 con-

282 2096 497 2138 debantur
535 2097 581 2137 in
607 2097 765 2147 urceis,
795 2098 928 2147 urnis,
970 2096 1071 2137 ollis
1103 2102 1150 2138 et
1188 2098 1434 2150 amphoris:
1465 2110 1566 2150 quae
1587 2095 1720 2136 modo

283 2163 457 2213 fictiles,
478 2164 698 2217 (Propert.
713 2175 765 2204 11.
786 2162 879 2217 13.)
894 2163 1024 2205 modo
1045 2176 1315 2214 marmoreae,
1329 2164 1455 2215 (Dio,
1475 2161 1571 2216 76.)
1588 2162 1719 2204 modo

284 2244 437 2280 aeneae,
470 2229 618 2285 (Virg.
652 2241 718 2270 vl.
754 2231 857 2271 AEn.
886 2230 984 2271 228.
1021 2229 1076 2269 de
1109 2230 1269 2270 Miseni
1299 2228 1548 2283 tubicinis‚)
1585 2228 1717 2269 modo

284 2301 518 2348 argenteae,
548 2295 792 2350 (Ammian.
814 2307 928 2338 XIX.
959 2296 1000 2336 2.
1028 2296 1083 2337 de
1115 2296 1388 2346 Grumbatis,
1417 2296 1719 2336 Chionitarum

283 2364 412 2416 regis,
443 2361 563 2416 filii,)
594 2363 740 2413 modo,
762 2364 896 2405 veluti
916 2363 1001 2413 hic,
1022 2364 1156 2404 etiam
1186 2375 1347 2412 aureae,
1378 2362 1585 2417 (Eutrop.
1611 2370 1716 2401 vm.

284 2430 338 2470 de
367 2429 548 2482 Trajani
576 2430 681 2483 imp.
717 2430 938 2472 Plutarch.
967 2430 1012 2471 in
1043 2430 1232 2471 Demetr.
1261 2429 1315 2471 de
1348 2429 1558 2470 Demetrii
1587 2428 1719 2481 regis.

285 2495 512 2545 Moschus,
530 2507 594 2536 lv.
617 2496 686 2536 ld.
709 2495 944 2546 Homerus,
965 2496 1284 2546 Iliad.111.etw.)

340 2562 521 2603 Interim
551 2562 646 2604 haec
676 2575 798 2613 urna,
828 2563 962 2617 juxta
993 2563 1257 2604 assidentem
1285 2562 1379 2602 sive
1410 2565 1605 2608 matrem,
1625 2560 1719 2600 sive

285 2641 496 2678 sororem,
530 2630 624 2670 sive
656 2630 903 2683 conjugem,
933 2642 991 2670 ex
1025 2630 1168 2670 incisa
1199 2629 1410 2678 Gemma3
1441 2640 1569 2680 quam
1590 2627 1718 2667 nobis

284 2695 474 2744 exhibet,
514 2695 647 2736 Thes.
689 2696 907 2737 Brandeb.
946 2707 976 2736 1.
1018 2697 1114 2736 1110.
1154 2696 1316 2748 pluries
1353 2695 1546 2748 prolatus
1587 2693 1717 2734 Laur.

284 2760 491 2812 Begerus,
512 2761 777 2803 eruditorum
792 2762 1006 2803 encomiis
1025 2762 1319 2815 dignissimus.
