1915 3231
254 252 309 292 90
840 268 954 298 ιω).
987 267 1135 298 sanos

723 433 899 476 XXX.
960 434 1249 478 ULYSSES.

766 543 870 586 Lm.
893 556 958 586 vi.
990 545 1105 586 CAP.
1128 546 1194 586 16.

316 654 331 673 ‘
353 652 559 707 Ulysses,
579 653 828 695 vulneratus
849 656 906 696 ab
936 669 1005 706 eo,
1037 669 1167 709 quem
1188 655 1364 696 minime
1384 655 1647 707 crediderat,

671 720 815 762 triduo
837 726 942 775 post
960 726 1138 763 mortem
1158 722 1299 764 obiit!

315 817 544 859 Umssns
581 831 660 859 rex
691 818 861 861 Ithacae
892 820 1221 874 insularumque
1255 820 1553 869 finitimarum,
1586 819 1705 860 filius

259 883 435 926 Laertae
453 889 497 925 et
519 884 750 935 Anticleae,
769 887 936 940 conjux
957 887 1225 940 PenelopeS,
1247 892 1375 940 pater
1395 886 1665 927 Telemachi.

315 950 428 991 Sunt
448 956 596 991 tamen
618 953 693 1005 qui
714 966 737 992 e
765 953 958 1006 Sisypho
988 954 1150 994 malunt
1181 958 1471 1006 conceptum3
1501 965 1656 1005 nempe
1676 965 1705 993 a

257 1029 345 1070 quo
366 1016 587 1066 Anticlea,
621 1031 721 1058 cum
752 1019 981 1060 duceretur
1002 1019 1059 1060 ad
1081 1019 1259 1060 La'ertae
1281 1020 1478 1072 nuptias,
1499 1019 1587 1061 vim
1607 1019 1704 1060 fue-

256 1088 325 1123 rat
344 1095 495 1136 passa.
555 1084 769 1125 Videatur
784 1084 917 1126 Ovid.
932 1095 1046 1126 xm.
1068 1084 1251 1126 Metam.
1272 1086 1341 1126 31.
1603 1133 1606 1137 p

314 1149 419 1190 Erat
450 1155 603 1192 autem
637 1151 702 1192 vir
722 1152 896 1204 pollens
916 1152 1142 1201 facundia,
1178 1152 1388 1205 praeditus
1411 1152 1704 1206 experientia,

258 1216 377 1257 vafer
397 1218 597 1268 consilio,
612 1219 812 1271 egregius
830 1219 962 1269 bello,
984 1219 1162 1272 patiens
1184 1219 1399 1259 laborum.
1458 1218 1591 1260 Unde
1610 1220 1706 1273 pel-

255 1283 332 1323 lax
361 1283 565 1336 Virgilio,
595 1295 646 1324 11.
669 1285 843 1326 AEneid.
875 1286 948 1326 90.
982 1285 1148 1339 duplex
1182 1284 1387 1335 Horatio,
1411 1296 1442 1325 1.
1479 1285 1563 1326 Od.
1586 1286 1629 1327 6.
1658 1287 1703 1328 7.

256 1349 407 1390 varius
440 1350 599 1400 Statio,
623 1362 676 1391 ιι.
710 1349 953 1393 Achilleid.
986 1353 1056 1393 17.
1086 1351 1227 1393 fallax
1263 1352 1441 1402 Ovidio,
1465 1362 1579 1393 X111.
1613 1352 1709 1394 Me-

258 1420 360 1456 tam.
382 1417 482 1457 713.
504 1417 653 1459 audax
674 1418 870 1468 Tibullo,
894 1428 960 1458 lv.
982 1419 1023 1459 1.
1044 1418 1153 1471 eleg.
1175 1418 1231 1458 ad
1255 1417 1516 1459 Messalam.

313 1482 462 1535 Hujus
483 1485 656 1537 egregia
676 1484 732 1525 ad
761 1484 944 1538 Trojam
965 1485 1152 1525 consilia
1173 1489 1216 1525 et
1243 1485 1496 1534 certamina,
1517 1484 1705 1538 denique

256 1553 302 1590 et
323 1554 426 1603 post
441 1562 637 1591 eversam
656 1551 807 1592 urbem
820 1563 989 1592 errores
1009 1553 1103 1606 ejus
1124 1551 1394 1605 multiplices
1412 1552 1585 1604 longius
1606 1565 1708 1605 pro-

257 1621 501 1670 sequuntur
533 1617 768 1668 Homerus,
790 1618 835 1658 in
872 1617 927 1658 Il.
950 1622 992 1659 et
1030 1619 1192 1672 Odyss.
1223 1618 1429 1669 Ovidius,
1452 1629 1546 1659 xli.
1583 1629 1699 1665 X111,

257 1687 392 1736 atque
416 1694 522 1723 xiv,
544 1683 731 1726 Metam.
747 1689 790 1726 et
810 1685 1000 1726 strictim
1020 1685 1247 1735 Tibullus,
1268 1696 1329 1726 ιν.
1351 1686 1388 1725 1.

313 1747 386 1789 An
412 1753 557 1790 tamen
591 1763 800 1791 oceanum
829 1751 1071 1800 intraverit,
1104 1754 1147 1791 et
1181 1755 1310 1791 extra
1343 1751 1464 1791 orbis
1495 1755 1706 1792 terrarum

256 1815 462 1869 antiquos
500 1816 661 1857 limites
702 1818 907 1858 erraverit
950 1818 1155 1872 UlysseS,
1191 1817 1354 1870 grande
1393 1821 1460 1858 est
1508 1817 1705 1858 dubium.

256 1881 555 1922 Consulantur
587 1883 759 1934 Strabo,
784 1895 813 1924 1.
836 1885 998 1939 Polyb.
1021 1885 1204 1935 Seneca,
1224 1884 1293 1926 88.
1316 1884 1454 1938 Epist.
1479 1885 1704 1935 Stobaeus‚

256 1949 453 1989 Sermon.
475 1948 520 1988 in
543 1949 695 1990 Bionis
724 1951 908 1992 monito.

313 2013 428 2055 Haec
450 2020 599 2056 nostra
620 2015 801 2070 Ulyssis
836 2018 1008 2071 pictura
1031 2018 1232 2059 desumta
1253 2031 1310 2059 ex
1338 2016 1507 2059 Abrah.
1532 2017 1702 2060 Gorlaei

257 2080 581 2134 Dactyliothec.
599 2082 701 2125 edit.
723 2085 876 2138 primae
898 2085 996 2126 176.
1014 2085 1219 2127 Gemma.

683 2231 980 2281 TABULA
1017 2231 1271 2280 SEXTA.

652 2349 857 2394 XXXI.
916 2349 1302 2392 LAOCOON.

779 2451 882 2493 LIB.
904 2461 950 2492 v.
980 2450 1098 2492 CAP.
1118 2448 1188 2489 11.

253 2547 441 2600 ‘Itaque
472 2546 695 2589 destructa
723 2561 943 2589 murorum
976 2552 1116 2601 parte,
1149 2559 1250 2588 cum
1281 2547 1390 2600 joco
1427 2543 1701 2597 lasciviaque

310 2613 526 2653 induxere
547 2627 725 2667 equum,
753 2615 948 2656 foeminis
981 2615 1091 2655 inter
1119 2626 1166 2653 se
1198 2617 1332 2665 atque
1368 2611 1472 2653 viris
1501 2611 1700 2652 certatim

311 2679 527 2720 attrahere
547 2679 888 2722 festinantibus?

310 2765 471 2807 INTER
501 2767 620 2810 viros
639 2773 797 2820 tamen,
819 2780 980 2822 equum
995 2767 1111 2808 intra
1125 2766 1272 2806 urbem
1294 2776 1380 2805 non
1397 2759 1697 2815 recipiendum
