1915 3231
478 325 542 355 DE
573 324 811 356 Hls'romA
845 324 990 354 nuum
1024 323 1253 354 TROJANI.
1521 315 1577 354 51

187 434 377 466 XXXIV.
408 423 533 475 Quid
550 425 687 477 ergo?
719 424 951 465 Familiam
982 423 1095 464 hanc
1126 423 1192 464 sic
1227 436 1310 476 ego
1342 422 1577 464 ordinave-

129 491 224 542 rim,
243 491 323 533 sed
339 504 397 532 ex
417 491 690 545 conjectura,
719 494 770 531 ut
796 496 906 544 puto
926 494 1085 540 tamen,
1106 489 1342 544 probabili.
1402 490 1579 530 Primus

129 559 175 600 in
194 571 248 599 ea
268 559 333 599 vir
351 558 537 599 illustris
556 558 638 599 fuit
658 557 716 608 Q.
744 557 941 599 Aradius
964 556 1172 606 Rufinus,
1193 555 1445 597 Praefectus
1467 554 1578 603 urbi,

128 627 260 668 Anno
282 635 423 665 Mbvr.
459 631 505 666 et
536 636 707 666 mnxu.
742 625 819 678 qui
855 624 970 666 male
1001 625 1047 664 in
1077 623 1227 664 libello
1258 621 1576 663 Praefectorum

129 691 268 741 urbis,
288 690 423 732 modo
450 690 648 731 Eraclius
665 691 873 742 Rufinus,
886 691 1016 732 modo
1037 690 1277 731 Heraclius
1292 688 1399 729 Rus.
1416 692 1459 729 et
1476 689 1578 730 ideo

131 759 187 798 ab
222 756 413 798 Onufrio
454 757 584 798 etiam
626 756 770 810 pejus,
807 757 1048 798 Heraclius
1089 756 1281 797 Rufinus
1316 756 1581 797 nominatur.

130 823 248 865 Vide
267 823 296 865 J
301 827 468 865 uretum
489 823 546 865 ad
568 822 826 865 Auctarium
849 823 1103 877 Symmachi
1120 823 1205 877 Ep.
1228 834 1261 864 1.
1322 822 1446 863 Idem
1469 821 1583 863 Con-

133 890 202 931 sul
221 890 394 932 videtur
414 890 551 931 fuisse
573 889 689 931 Anni
712 901 937 933 Mnxvnl.
951 904 1037 932 non
1055 894 1196 932 autem
1212 890 1286 930 ille
1301 888 1359 940 Q.
1380 889 1458 931 Ar.
1475 889 1582 930 Rus.

133 956 239 998 val.
261 956 496 1007 Proculus,
515 961 566 999 ut
588 956 681 998 vult
702 956 929 1007 Onufrius‚
960 961 1002 998 et
1024 957 1113 998 alii.
1174 956 1292 998 Nam
1315 955 1486 997 Consul
1500 957 1584 996 iste

136 1026 192 1066 ab
221 1024 434 1075 Eusebio,
464 1023 752 1074 Cassiodoro‚
771 1026 850 1066 &c-
881 1038 973 1065 non
1005 1023 1238 1073 Proculus,
1271 1023 1351 1064 sed
1390 1022 1583 1064 Rufinus

135 1092 395 1145 simpliciter
415 1091 589 1132 dicitur.
647 1090 854 1144 Denique
876 1091 950 1132 hic
974 1095 1042 1132 est
1067 1091 1140 1131 ille
1162 1090 1356 1131 Aradius
1380 1090 1584 1138 Rufinus,

137 1171 268 1210 quem
287 1158 353 1198 his
374 1158 623 1199 nominibus
643 1158 838 1198 celebrat
859 1157 1153 1212 Symmachus
1174 1156 1307 1198 Pater
1338 1157 1385 1197 in
1417 1154 1586 1197 Aucta·

137 1225 205 1266 rio
227 1225 309 1278 Ep.
329 1235 360 1265 1.
381 1224 553 1265 addens
572 1223 629 1264 ad
645 1228 905 1273 extremum,

308 1291 610 1345 Principibus,
631 1304 816 1344 quorum
837 1290 1018 1344 viguisti
1039 1294 1250 1345 tempore,
1268 1290 1427 1331 doctus

306 1357 401 1399 Aut
420 1358 614 1399 calcaria
631 1358 740 1398 ferre
760 1358 903 1407 bonis,
926 1362 1006 1398 aut
1025 1357 1166 1399 fraena
1187 1358 1401 1412 tyrannis.

140 1425 347 1478 Intelligit
367 1429 514 1467 autem
535 1437 689 1465 omnes
715 1423 818 1465 illos
842 1424 1074 1477 Principes
1093 1428 1139 1465 et
1160 1424 1378 1474 Caesares,
1395 1424 1470 1477 qui
1494 1424 1588 1466 sue-

139 1498 241 1533 runt
257 1493 365 1533 inter
386 1491 715 1534 Diocletianum
734 1493 778 1531 et
797 1489 1128 1531 Constantinum
1155 1490 1380 1542 Magnum,
1401 1503 1586 1543 quorum

140 1559 331 1600 omnium
363 1563 552 1613 tempore
584 1558 725 1610 viguit
760 1570 913 1598 revera
945 1557 1017 1597 hic
1048 1557 1194 1606 homo,
1229 1560 1308 1597 ‘ex
1337 1557 1488 1597 ruina'
1520 1558 1588 1597 id-

140 1626 259 1667 circo
291 1626 530 1678 ‘proximae
559 1623 738 1673 aetatisss
768 1637 898 1678 quam
919 1628 1085 1677 patrem
1107 1636 1233 1664 suum
1260 1624 1358 1664 istis
1387 1623 1588 1664 carmini-

139 1693 223 1732 bus
258 1691 559 1732 ‘illuminare’
594 1691 657 1732 ait
676 1691 792 1732 filius
824 1690 1131 1744 Symmachus,
1154 1691 1211 1731 ab
1241 1690 1319 1731 illo
1342 1695 1478 1743 patre,
1511 1691 1588 1744 qui

139 1759 282 1800 floruit
309 1759 390 1799 sub
419 1758 679 1800 Constantio
712 1762 755 1800 et
785 1757 984 1808 Juliano,
1005 1757 1278 1811 repetendus.
1338 1757 1462 1799 Huic
1493 1757 1589 1798 Ru-

139 1825 227 1866 fino
261 1825 467 1879 proxima
485 1825 808 1866 necessitudine
823 1824 1007 1879 junctus
1027 1825 1166 1866 fuisse
1186 1823 1360 1865 videtur
1380 1824 1588 1865 Valerius

140 1891 373 1942 Proculus,
403 1892 477 1933 ille
510 1892 626 1946 ipse,
658 1905 788 1945 quem
822 1892 863 1933 ei
885 1892 1033 1946 jungit
1063 1891 1354 1946 Symmachus
1383 1896 1525 1945 pater,
1546 1895 1591 1932 et

140 1959 370 2012 praemittit
395 1957 557 2000 Anicio
584 1959 765 2001 Juliano
798 1972 852 2000 ac
882 1958 1090 2000 Petronio
1120 1957 1363 2009 Probiano,
1385 1958 1589 2000 Consuli-

140 2026 224 2066 bus
243 2023 362 2066 Anni
385 2036 416 2065 Μ
426 2035 610 2065 Lxx1v.
632 2038 743 2079 quos
764 2025 971 2078 sequitur
991 2025 1123 2066 isthic
1146 2038 1257 2066 unus
1278 2025 1490 2076 Verium,
1512 2026 1589 2080 qui

141 2091 388 2133 Praefectus
409 2093 530 2133 urbis
551 2091 631 2133 fuit
661 2092 876 2145 proximis
898 2092 1023 2132 annis
1047 2102 1252 2133 MLXXV.
1288 2097 1334 2133 et
1364 2103 1398 2133 M
1410 2103 1589 2132 cxxvi.

142 2158 256 2200 Cum
275 2171 376 2211 ergo
393 2158 595 2201 videatur
623 2159 671 2199 in
698 2159 797 2200 istis
818 2159 1007 2213 quinque
1026 2159 1274 2200 hominibus
1295 2159 1410 2200 ratio
1443 2159 1590 2201 aetatis

142 2230 332 2275 servata,
353 2225 456 2267 inde
473 2226 650 2279 colligo,
670 2226 811 2267 fuisse
832 2239 936 2278 ergo
956 2225 1069 2267 hunc
1090 2225 1319 2267 Valerium
1335 2225 1589 2275 Proculum,

142 2305 272 2347 quem
312 2305 339 2333 a
377 2293 537 2347 priscis
567 2293 760 2335 Valeriis
803 2293 1046 2334 Publicolis
1084 2294 1246 2347 repetit
1281 2293 1588 2347 Symmachus,

144 2362 271 2400 aetate
287 2360 537 2414 proximum
558 2358 726 2401 Aradio
747 2359 928 2409 Rufino,
962 2360 1145 2413 reliquis
1165 2372 1269 2401 vero
1302 2360 1589 2413 superiorem,

144 2429 275 2479 atque
297 2425 410 2467 adeo
430 2426 651 2467 diversum
675 2439 846 2480 quoque
867 2426 923 2466 ab
944 2426 1033 2466 illis
1049 2425 1232 2468 Aradiis
1247 2424 1350 2467 Val.
1367 2426 1588 2476 Proculis,

144 2494 219 2546 qui
248 2493 379 2547 paulo
399 2498 504 2546 post
520 2494 773 2543 extiterunt,
796 2497 840 2534 et
871 2506 982 2546 quos
1009 2492 1141 2533 ferme
1163 2492 1422 2534 crediderim
1448 2492 1589 2534 fuisse

147 2560 245 2613 ejus
260 2560 355 2614 jam
375 2564 478 2601 tunc
499 2563 631 2601 aetate
644 2560 842 2614 provecti
864 2572 1002 2612 supra
1022 2558 1153 2600 Anic.
1171 2559 1200 2600 J
1205 2560 1395 2600 ulianum
1412 2563 1455 2600 et
1469 2559 1590 2601 Petr.

144 2626 412 2668 Probianum
436 2627 654 2669 Consules
673 2626 822 2681 (senes
842 2632 985 2667 autem
1006 2626 1083 2667 illo
1103 2630 1301 2679 tempore
1330 2626 1588 2680 plerumque

138 2693 234 2746 jam
255 2698 377 2734 erant
404 2695 566 2748 privati
586 2694 801 2744 homines,
820 2693 898 2747 qui
929 2693 984 2735 ad
1007 2693 1315 2742 Consulatum,
1338 2705 1588 2746 supremum

147 2760 395 2802 etiamtunc
429 2762 634 2803 honorum
656 2761 896 2814 fastigium,
925 2766 971 2801 et
998 2760 1100 2801 ideo
1122 2760 1164 2800 in
1183 2759 1337 2800 Titulo
1357 2759 1408 2801 L.
1430 2758 1588 2801 Aradii

146 2825 252 2869 Val.
302 2826 484 2870 Proculi
524 2829 680 2871 ultimo
709 2829 813 2870 loco
853 2833 1160 2877 memoratum,
1211 2826 1587 2881 producebantur,
