1915 3231
308 327 520 359 ch'rYOS
553 324 827 358 CRETENsls
861 326 925 356 DE
961 326 1117 355 BELLO
1151 326 1379 357 TROJANO
1415 327 1511 358 LIB.
1536 327 1566 357 1.

1615 316 1672 357 93

220 421 398 463 Cretam
424 424 692 463 convenere.e
748 418 914 462 Atreus
945 432 1134 474 namque
1165 432 1222 461 ex
1250 419 1402 462 Minoe
1419 418 1433 442 f
1450 424 1673 474 postrema

219 502 304 530 sua
325 488 547 538 ordinans,
568 487 781 541 quicquid
804 487 899 528 auri
922 491 1058 540 atque
1078 487 1254 539 argenti,
1275 493 1514 540 pecorumg
1536 487 1672 528 etiam

217 556 317 605 fuit,
339 556 589 608 nepotibus,
611 567 724 607 quos
744 554 849 595 filiae
869 558 1125 607 genuerant,
1149 567 1208 595 ex
1237 566 1368 607 aequo
1390 553 1673 594 dividendam

216 623 462 676 reliquerat,
482 626 672 674 excepto
691 620 920 662 civitatum
948 625 1244 673 terrarumque
1258 618 1274 641 ¹¹
1296 619 1496 672 imperio.
1552 619 1673 660 Haec

218 689 385 743 quippe
402 688 672 729 Idomeneus
690 699 792 727 cum
812 684 1039 736 Metione,i
1061 686 1351 728 Deucalionis
1372 684 1675 736 Idomeneus,¹‘

219 755 326 798 alter
356 754 485 806 Moli,
513 754 644 808 jussu
676 751 796 808 ejus¹
829 767 1030 795 seorsum
1055 754 1259 796 habuere.

1319 753 1574 796 Convenere
1595 765 1675 795 au-

874 894 1020 927 NOTAE

220 980 314 1021 regni
340 989 527 1018 successor,
551 983 588 1011 et
614 989 698 1011 cave
721 979 809 1010 hunc
837 978 920 1010 Cre-

219 1036 311 1062 teum
343 1029 531 1062 confundas
572 1039 649 1061 cum
688 1029 837 1062 Cretheo
862 1029 918 1070 qui

219 1081 306 1113 AEoli
325 1080 412 1112 filius
429 1080 507 1112 fuit.

263 1134 277 1150 e
294 1131 421 1161 Cretam
435 1131 615 1171 convenere]
630 1129 717 1161 Nam
735 1129 781 1162 ibi
799 1139 919 1170 regna-

157 1169 162 1171 *
218 1179 280 1211 bat
310 1179 478 1219 Creteus;
503 1180 591 1221 quod
621 1179 674 1210 hic
702 1180 753 1211 ait
778 1179 920 1221 Dictys,

221 1239 320 1270 reges
338 1230 486 1262 Graeciae
511 1231 648 1262 Cretam
667 1230 864 1261 convenisse
883 1234 921 1261 nt

221 1280 337 1312 Cretei
364 1280 418 1311 avi
442 1280 492 1310 sni
519 1278 766 1311 successionem
789 1278 921 1310 divide-

220 1336 311 1369 rent,
343 1330 432 1361 idem
463 1330 574 1362 innuit
606 1329 710 1361 Ovid.
738 1329 772 1360 iu
806 1329 920 1369 Epist.

221 1380 357 1412 Paridis
377 1380 536 1416 Helenae,
558 1379 616 1410 ubi
633 1379 675 1410 de
700 1379 857 1410 Menelao
874 1379 921 1409 lo-

221 1439 329 1471 quens
346 1430 413 1460 ait:
438 1430 448 1446 ‘
467 1429 546 1461 Non
560 1428 681 1460 habuit
699 1433 833 1469 tempus
858 1437 924 1468 quo

221 1482 358 1514 Cressia
375 1491 480 1522 regna
496 1481 631 1512 videret
648 1479 785 1520 Aptius,
802 1489 822 1511 o
838 1479 926 1510 mira

222 1531 410 1563 calliditate
426 1529 564 1562 viruml'
609 1531 655 1561 Et
671 1530 705 1560 in
722 1529 832 1569 Epist.
851 1529 923 1560 He-

221 1582 307 1613 lenae
321 1581 450 1622 Paridi,
467 1581 525 1612 ubi
539 1580 674 1611 Helena
687 1580 729 1610 de
741 1579 901 1610 Menelao
915 1589 924 1610 ε

220 1633 231 1650 ‘
249 1632 338 1664 Vela
368 1632 503 1673 quidem
529 1631 655 1662 Creten
683 1628 793 1660 ventis
825 1628 923 1660 dedit

219 1683 278 1714 ille
303 1681 483 1714 secundis!
526 1681 641 1712 Item:
668 1679 678 1697 ‘
694 1679 760 1711 Ille
786 1679 921 1720 quidem

221 1733 340 1774 procul
361 1738 413 1764 est
438 1733 487 1764 ita
508 1741 544 1762 re
561 1733 707 1771 cogente
723 1729 920 1770 profectus:

219 1784 350 1825 Magna
377 1782 442 1814 fuit
475 1782 598 1814 subitae
622 1781 787 1822 justaque
821 1789 924 1812 causa

221 1833 310 1865 viae.'

263 1881 276 1904 f
295 1884 349 1914 Ex
364 1882 489 1922 Mincii]
512 1881 643 1922 Supple
661 1880 801 1920 genitus.

263 1938 279 1961 Β
298 1933 466 1973 Pecorum]
489 1932 573 1963 Nam
591 1931 738 1972 antiquis
755 1930 820 1961 illis
836 1935 921 1962 tem-

220 1983 360 2024 poribus
377 1992 493 2023 regum
506 1986 542 2013 et
559 1981 699 2012 aliorum
715 1980 846 2011 divitiae
864 1989 921 2020 pe-

220 2033 356 2065 coribus
381 2032 554 2073 praecipue
579 2030 803 2069 constabant3
830 2029 922 2061 unde

221 2087 258 2115 et
273 2083 424 2114 Homero
442 2081 613 2113 Polumeloi
627 2085 663 2112 et
680 2080 820 2112 Eumeloz'
835 2080 922 2112 ‹licti

223 2137 315 2164 sunt.

264 2181 280 2203 ¹¹
295 2182 467 2214 Civitaeum
478 2180 704 2221 terrarumque]
717 2179 923 2220 Cretensium,

222 2232 366 2264 scilicet.

265 2282 274 2302 i
303 2282 383 2313 Hoec
409 2281 520 2323 quippe
547 2281 729 2312 Idomeneus
756 2288 825 2310 cum
853 2278 923 2309 Me-

220 2333 322 2374 rione]
347 2332 477 2364 Nullibi
502 2332 635 2372 reperio
652 2330 840 2361 Merionem
864 2329 924 2359 im-

222 2383 308 2424 perii
324 2383 499 2414 Cretensis
521 2392 598 2413 cum
616 2381 802 2412 ldomeneo
820 2379 924 2419 parti·

223 2434 334 2474 cipem
350 2432 466 2471 fuisse,
482 2441 593 2473 neque
610 2431 709 2462 video
730 2429 820 2460 unde
840 2427 925 2459 illud

223 2484 395 2524 expiscari
415 2483 528 2524 potuit
543 2482 680 2522 Dictys,
696 2479 759 2511 nisi
780 2480 829 2510 ita
854 2487 925 2509 esse

223 2534 424 2574 crediderit,
447 2533 535 2575 quod
557 2533 647 2574 apud
664 2532 852 2563 Homerum
875 2529 925 2560 le-

224 2584 327 2625 gisset
340 2584 530 2615 Merionem
552 2593 628 2615 cum
650 2586 771 2623 patruo
788 2579 927 2611 Idome-

223 2643 288 2664 neo
302 2634 517 2665 Cretensium
534 2633 655 2664 ducem
671 2631 790 2663 fuisse.

266 2682 282 2704 ¹<
297 2684 498 2715 Deucalionis
513 2682 709 2723 Idomeneus]
728 2681 871 2712 Creteus
888 2682 926 2710 et

225 2734 419 2765 Deucalion
434 2733 560 2764 fratres
581 2732 692 2772 fuere,
714 2731 841 2764 Minois
864 2728 928 2759 sci-

230 2784 314 2815 licet
341 2783 415 2817 filii.
471 2784 666 2815 Deucalion
695 2782 783 2814 filios
811 2780 931 2812 habuit

225 2833 462 2874 Idomeneum,
475 2835 615 2873 Creten,
625 2833 790 2872 Nothum,
801 2837 837 2864 et
847 2833 922 2864 Mo-

227 2884 307 2917 lum.
331 2884 491 2926 Apollod.
518 2894 573 2916 ιιι.
596 2883 803 2916 Bibliothee.
846 2886 923 2914 Δευ-

973 979 1101 1012 καλίωνι
1130 979 1164 1012 δὲ
1189 980 1334 1020 ἐγένοντο
1363 978 1530 1019 Ἰδομενεύς
1554 991 1602 1016 τε,
1624 979 1677 1011 καὶ

975 1029 1089 1071 Κρήθη,
1105 1030 1155 1062 καὶ
1171 1030 1280 1071 Νόθος,
1295 1030 1346 1062 καὶ
1367 1033 1491 1062 Μῶλος.
1536 1030 1603 1063 Qui
1626 1031 1676 1061 lo-

974 1090 1035 1112 cus
1051 1080 1250 1121 Apollodori
1268 1080 1347 1111 mihi
1367 1079 1480 1112 mendi
1501 1083 1677 1120 suspectus

974 1135 1047 1169 est;
1072 1140 1184 1172 neque
1206 1131 1296 1161 enim
1317 1131 1409 1170 legas
1428 1130 1507 1161 alibi
1522 1130 1676 1161 Nothnm

974 1181 1079 1212 ullum
1094 1180 1228 1211 nomine
1249 1180 1471 1212 Deucalionis
1491 1179 1596 1210 filium
1624 1179 1677 1212 fu-

975 1231 1053 1262 isse.
1100 1230 1360 1270 Legendum,ut
1377 1235 1412 1261 et
1430 1229 1485 1260 alii
1503 1238 1678 1268 monuere,

975 1280 1025 1312 καὶ
1045 1279 1132 1312 νόθος
1154 1282 1283 1312 Μῶλοςε
1308 1285 1346 1311 ut
1370 1279 1498 1311 Molum
1526 1288 1591 1310 non
1619 1289 1677 1319 ge-

975 1332 1128 1367 nuinum,
1151 1333 1208 1362 sed
1235 1332 1374 1362 nothum
1399 1339 1473 1360 esse
1497 1329 1679 1369 significet.

975 1382 1075 1413 Unde
1100 1381 1203 1413 etiam
1229 1381 1389 1420 colligere
1410 1383 1462 1411 est
1483 1379 1675 1410 Merionem

975 1432 1070 1463 nothi
1088 1431 1192 1463 filium
1210 1431 1396 1462 Idomeneo
1416 1429 1568 1469 legitimo
1584 1430 1676 1460 Deu-

976 1483 1115 1514 calionis
1129 1482 1199 1513 filio
1212 1482 1348 1513 minime
1363 1481 1458 1521 regni
1474 1480 1676 1522 participem

976 1531 1095 1563 fuisse.

1020 1580 1029 1603 ¹
1048 1583 1147 1613 Jussu
1165 1580 1248 1621 ejus]
1270 1579 1386 1612 Cretei
1403 1579 1550 1611 scilicet.
1595 1580 1678 1612 Cre·

978 1635 1053 1663 teus
1080 1631 1216 1672 quidem
1243 1640 1369 1661 marem
1395 1629 1500 1660 filium
1529 1629 1679 1661 habebat

976 1680 1112 1712 nomine
1129 1680 1367 1715 Altbemenen,
1383 1679 1441 1720 qui
1463 1688 1604 1719 regnum
1622 1688 1678 1710 oc-

977 1735 1132 1771 cuparet,
1157 1739 1273 1761 verum
1302 1729 1522 1760 Althemenes
1547 1728 1678 1760 veritus

976 1789 1019 1811 ne
1049 1780 1141 1820 patri
1171 1780 1298 1811 Creteo
1334 1783 1479 1809 mortem
1519 1776 1679 1818 inferret,

975 1839 1075 1872 quem
1092 1830 1230 1860 oracula
1245 1832 1446 1860 monuerant
1470 1826 1544 1858 fore
1570 1831 1608 1858 nt
1633 1827 1679 1857 ab

976 1889 1043 1910 uno
1059 1889 1076 1909 e
1090 1878 1169 1910 filiis
1183 1878 1446 1918 interficeretur,
1462 1878 1582 1908 relicta
1597 1877 1681 1908 Cre-

976 1934 1021 1965 ta,
1052 1929 1186 1971 appulit
1216 1927 1384 1959 Rhodum.
1442 1926 1529 1957 Illuc
1558 1930 1680 1966 postea

976 1979 1156 2011 contendit
1184 1979 1330 2011 Creteus
1361 1977 1457 2008 senio
1487 1975 1680 2016 confectus,

976 2029 1174 2061 Althemeni
1200 2038 1259 2059 suo
1288 2037 1429 2068 regnum
1460 2026 1598 2058 tradere
1623 2036 1681 2057 cu-

977 2082 1088 2121 piens,
1104 2081 1200 2120 isque
1216 2088 1292 2110 curn
1317 2087 1336 2108 e
1358 2077 1435 2108 navi
1460 2086 1535 2108 cum
1554 2076 1681 2116 princi-

977 2131 1039 2162 bus
1057 2130 1158 2162 sociis
1181 2130 1214 2160 in
1240 2129 1415 2160 desertum
1439 2126 1608 2168 quendam
1631 2126 1680 2156 in-

975 2182 1058 2212 sulae
1083 2182 1192 2212 locum
1214 2178 1458 2212 descendisset,
1480 2187 1499 2208 a
1523 2176 1680 2207 bubulcis

976 2231 1156 2273 praedones
1171 2229 1340 2270 ingr-uisse
1364 2227 1563 2268 putantibus
1586 2226 1681 2266 ejici-

977 2286 1053 2313 tur:
1078 2281 1212 2312 interim
1238 2280 1317 2310 dum
1340 2280 1485 2310 Creteus
1507 2286 1543 2308 se
1560 2276 1681 2307 Althe-

978 2333 1085 2364 menis
1113 2337 1243 2373 patrem
1268 2340 1340 2361 esse
1364 2331 1501 2367 clamat,
1525 2336 1634 2368 neque
1662 2336 1682 2357 a

978 2382 1135 2413 bubulcis
1159 2385 1300 2421 propter
1323 2388 1444 2411 canum
1467 2378 1628 2408 latratum
1645 2380 1683 2407 et

979 2441 1104 2473 pugnae
1131 2431 1311 2462 tumultum
1340 2427 1535 2466 exauditur,
1563 2436 1683 2466 super·

979 2481 1074 2512 venit
1092 2480 1325 2514 Ahbemenes,
1344 2478 1400 2518 qui
1427 2477 1495 2508 telo
1519 2480 1683 2507 contorto

981 2532 1143 2562 Creteum
1160 2533 1289 2570 patrem
1306 2528 1442 2559 minime
1465 2527 1614 2566 agnitum
1632 2526 1684 2557 in·

979 2579 1132 2619 terfecit‚
1157 2583 1344 2619 posteaque
1370 2587 1407 2607 re
1430 2576 1569 2617 cognita
1590 2576 1683 2607 Deos

979 2634 1227 2671 comprecatus,
1255 2632 1357 2660 terrae
1381 2626 1477 2657 hiatu
1499 2625 1684 2665 absorptus

980 2684 1058 2711 est:
1092 2677 1253 2719 Apollod.
1287 2685 1344 2708 111.
1386 2675 1430 2706 de
1468 2684 1534 2716 quo
1570 2675 1684 2705 locum

984 2729 1129 2771 pessime
1157 2727 1293 2768 accepit
1318 2727 1501 2766 interpres,
1521 2724 1578 2756 ubi
1601 2725 1686 2756 scri-

985 2780 1035 2811 bit
1051 2779 1209 2820 Apollod.
1258 2776 1319 2808 Kal
1338 2776 1381 2818 μὴ
1403 2774 1573 2815 δυναμένων
1591 2775 1684 2806 ἆκοῦ-

975 2841 1028 2861 σαι
1057 2829 1210 2869 λέγοντος
1240 2828 1335 2859 αὐτοῦ
1360 2826 1521 2865 ἀλήθειαν,
1547 2825 1597 2857 διὰ
1622 2825 1685 2862 τὴν

976 2880 1117 2922 κραυγὴν
1145 2881 1207 2912 τῶν
1237 2881 1345 2915 κυνῶν,
1376 2877 1462 2910 ἀλλὰ
1497 2875 1685 2914 βαλλόντων
