1915 3231
563 293 622 322 nr«,
657 292 813 322 annno
847 293 1073 324 TROJANO
1110 295 1203 325 ΜΒ.
1236 295 1300 324 ιν,
1557 286 1639 326 ’237

187 385 513 433 Bucolionem,r
544 390 680 438 atque
702 386 929 427 Priamum
950 386 1125 439 genitos
1144 399 1154 427 ε
1186 399 1424 440 rursusque
1437 400 1494 428 ex
1510 387 1641 430 Cleo-

185 458 347 493 mestra
364 457 404 493 et
419 453 606 506 AEsyete
623 458 634 474 ⁵
650 451 667 477 ⁶
688 467 738 494 se
758 454 966 506 genitum.
1017 452 1218 494 Ceterum
1242 453 1488 504 Priamum,
1507 467 1639 496 cunc-

185 522 231 560 ta
253 518 355 573 jura
387 519 611 561 affinitatis
640 520 983 573 proculcautem,
1006 520 1145 572 magis
1175 519 1220 559 in
1251 532 1358 560 suos
1388 520 1640 573 superbiam

187 589 324 639 atque
357 584 506 625 odium
535 586 804 627 exercuisse.
863 586 1110 639 Postquam
1130 584 1263 626 finem
1283 585 1496 640 loquendi
1516 586 1641 635 fecit,

186 651 386 705 postulat
405 652 470 693 uti
492 652 700 705 quoniam
721 665 748 693 a
768 652 945 694 senibus
966 653 1136 706 legatus
1162 653 1289 706 pacis
1316 653 1482 694 missus
1504 659 1642 703 esset,

187 718 402 759 darentex
417 732 497 759 suo
507 731 681 760 numero
695 732 794 760 cum
809 720 911 772 quis
925 732 1058 773 super
1072 720 1149 760 tali
1165 720 1339 773 negotio
1353 720 1640 773 disceptaret:

188 785 402 839 electique
413 784 727 838 Agamemnon,
738 786 1022 837 Idomeneus,
1036 787 1224 841 Ulysses
1239 791 1370 840 atque
1384 786 1644 836 Diomedes,

190 851 268 905 qui
277 856 442 894 secreto
457 853 513 893 ab
528 853 628 894 aliis
644 853 935 907 proditionem
945 858 1232 906 componunt.
1250 853 1471 896 Praeterea
1483 854 1644 907 placet,

188 919 253 960 uti
269 919 443 969 AEneae,
466 920 504 960 si
526 933 784 973 permanere
806 921 847 961 in
864 920 951 961 fide
964 921 1108 971 vellet,
1121 933 1225 974 pars
1242 920 1405 974 praedae
1422 925 1467 961 et
1487 920 1643 961 domus

187 986 398 1028 universa
415 987 512 1041 ejus
532 987 764 1028 incolumis
792 990 999 1028 maneret.
1059 986 1154 1040 Ipsi
1175 993 1321 1028 autem
1342 986 1558 1027 Antenori
1579 987 1646 1028 di-

189 1052 373 1094 midium
389 1054 597 1095 bonorum
614 1054 797 1103 Priami,
814 1066 1078 1107 regnumque
1093 1054 1169 1094 uni
1183 1053 1370 1094 filiorum
1385 1053 1494 1107 ejus,
1513 1066 1646 1107 quem

192 1119 411 1173 elegisset,
432 1119 757 1161 concederetur.
787 1118 879 1161 Ubi
902 1120 1012 1161 satis
1034 1124 1269 1162 tractatum
1285 1121 1429 1161 visum
1451 1124 1537 1169 est,
1554 1119 1647 1160 An-

190 1191 314 1228 tenor
343 1187 399 1227 ad
429 1186 655 1228 civitatem
687 1187 933 1236 dimittitur,
964 1186 1151 1228 referens
1182 1187 1238 1228 ad
1267 1200 1372 1228 suos
1393 1186 1646 1239 composita

191 1253 302 1294 inter
318 1266 366 1294 se
386 1254 513 1307 longe
535 1254 636 1295 alia.
695 1254 748 1295 In
767 1255 867 1307 quis
888 1253 1050 1294 donum
1073 1253 1287 1296 Minervae
1307 1253 1451 1308 parari
1473 1266 1499 1294 a
1521 1252 1646 1294 Grae-

193 1319 275 1368 cis,
294 1332 457 1373 eosque
488 1334 586 1362 cum
620 1320 756 1373 gratia
783 1332 940 1373 cupere
970 1324 1152 1374 recepta
1173 1320 1350 1361 Helena
1370 1324 1645 1373 acceptoque

194 1398 302 1427 auro
325 1387 488 1428 bellum
519 1387 734 1438 omittere,
765 1390 896 1441 atque
918 1386 972 1427 ad
996 1399 1099 1427 suos
1119 1387 1301 1439 regredi.
1359 1386 1434 1428 Ita
1466 1399 1647 1439 compo·

195 1453 281 1493 sito
302 1455 499 1505 negotio,
516 1453 729 1505 Antenor,
745 1454 909 1495 tradito
931 1453 1016 1495 sibi
1036 1454 1296 1507 Talthybio,
1319 1466 1405 1508 quo
1429 1466 1497 1494 res
1518 1453 1646 1494 fidem

196 1520 429 1573 acciperet,
450 1521 505 1562 ad
521 1520 701 1575 Trojam
722 1520 854 1562 venit.

239 1662 259 1691 6
282 1659 384 1701 Vulg.
402 1659 505 1693 Soete.

846 1767 991 1799 NOTAE

197 1844 452 1872 commemorat.
489 1839 591 1872 Hom.
607 1840 651 1872 11.
666 1844 700 1872 Γ.
723 1839 762 1872 Οἱ
777 1840 803 1872 δ’
819 1840 896 1881 ἀμφὶ

196 1892 332 1932 Πρίαμον
343 1891 392 1924 καὶ
406 1891 554 1929 Πάνθοον,
565 1892 618 1930 ἠδὲ
633 1892 798 1931 Θυμοίτην,
813 1892 896 1932 Λάμ-

196 1954 257 1974 πον
270 1955 320 1984 τε,
337 1942 471 1975 Κλύτιόν
484 1943 522 1983 θ’,
536 1943 694 1975 Ἱκετάονά
707 1944 747 1985 τ’,
761 1943 835 1984 ὄζον
842 1944 897 1975 ’‘A-

197 2004 282 2034 ρηος.
306 1998 315 2011 “
330 1994 498 2034 Priamus,
513 1998 548 2025 et
563 1995 748 2034 Panthous,
761 1999 796 2025 et
806 1994 897 2025 Thu-

197 2044 333 2084 moires,
351 2045 578 2085 Lampusque‚
594 2044 808 2086 Clydusque,
832 2044 895 2075 Hi·

198 2099 401 2136 cetaonque,
417 2103 526 2125 ramus
537 2093 686 2126 Martis.’
715 2094 899 2135 Apollodo-

199 2155 256 2176 rus
299 2149 464 2176 memorat
491 2145 683 2185 Tithonum,
722 2145 900 2186 Lamum,

202 2196 353 2237 Clytum,
380 2195 620 2236 Hicetaonem‚
647 2195 832 2236 Priamum,
862 2201 899 2228 et

199 2245 458 2277 Boucolionem.

236 2300 249 2316 ¹
258 2295 474 2336 Bucolionem]
487 2295 678 2328 Homerus:
692 2295 865 2327 Βουκολίων
877 2297 900 2327 δ’

200 2344 239 2383 ἧν
263 2345 326 2377 υἱὸς
346 2345 465 2385 ἀγαυοῦ
485 2345 705 2384 Λαομέδοντος,
720 2346 900 2388 Πρεσβύτα-

200 2407 255 2427 τος
276 2396 386 2437 γενεῇ,
406 2395 531 2427 σκότιον
552 2397 579 2427 δ’
600 2396 615 2428 ἑ
637 2396 763 2436 γείνατο
787 2395 901 2436 μήτηρ.

200 2448 210 2465 ⁸
226 2447 412 2478 Boucolion
439 2451 554 2477 autem
579 2451 654 2478 erat
675 2446 764 2478 filius
781 2447 902 2487 inclyti

201 2496 453 2532 Laomedontis,
482 2496 656 2528 Maximus
694 2501 798 2536 natn;
831 2495 900 2527 fur-

202 2547 333 2588 timque
350 2557 426 2578 enm
443 2546 552 2579 edidit
568 2547 700 2578 mater!
733 2547 816 2588 Ejus
833 2556 901 2577 rna-

202 2601 290 2630 trem
305 2597 480 2639 Chalyben
496 2597 676 2639 nympham
697 2597 781 2630 dicit
797 2596 901 2639 Apol-

950 1841 1059 1873 lodor.

993 1897 1004 1912 ⁸
1027 1892 1081 1923 Ex
1106 1890 1296 1922 Cleomestra
1318 1893 1348 1921 et
1370 1889 1513 1931 AEsyete]
1538 1890 1649 1922 Locus

950 1942 1129 1983 singularis
1156 1941 1200 1972 de
1226 1950 1352 1981 genere
1370 1940 1568 1980 Antenoris,
1590 1940 1649 1981 qui

951 1993 1000 2025 sic
1037 1990 1276 2023 Laomedontis
1313 1990 1534 2023 consobrinus
1569 1990 1650 2023 fnit.

951 2044 1040 2074 Sane
1057 2046 1191 2073 veteres
1207 2042 1368 2082 AEsyeten
1384 2040 1567 2072 Antenoris
1595 2050 1653 2081 pa-

951 2096 1038 2124 trem
1051 2096 1252 2123 memorant.
1279 2091 1437 2123 Eustath.
1452 2090 1492 2121 ad
1510 2090 1590 2121 illud
1609 2091 1652 2122 ΙΙ.

950 2148 987 2175 Β.
1027 2141 1140 2182 Τύμβῳ
1164 2141 1211 2174 ἐπ’
1236 2141 1397 2182 ἀκροτάτῳ
1418 2140 1574 2177 Αἰσυήταο
1598 2140 1652 2179 Ὑέ«

952 2202 1071 2235 ροντος·
1114 2191 1296 2234 Ἀντήνορός
1316 2198 1393 2232 φασι
1409 2191 1511 2232 πατὴρ
1525 2191 1575 2222 καὶ
1590 2192 1652 2222 Οὐ-

952 2242 1156 2283 καλέγοντος.
1191 2244 1201 2261 ‘
1226 2243 1383 2283 Sepulcri
1415 2242 1449 2272 in
1475 2242 1651 2273 cacumine

952 2295 1101 2335 AEsyetae
1117 2293 1207 2324 senis
1218 2292 1240 2324 :'
1266 2294 1276 2310 ‘
1289 2291 1474 2324 Antenoris
1491 2291 1576 2323 dicit
1594 2301 1651 2332 pa-

951 2350 1006 2376 ter
1023 2349 1058 2374 et
1074 2342 1322 2382 Ucalegontis.’

994 2396 1004 2416 2
1031 2395 1158 2425 Donum
1180 2393 1337 2424 Minervae
1358 2390 1482 2432 parari]
1518 2391 1651 2432 Equum

952 2444 1097 2476 scilicet.
1139 2443 1236 2482 Virg.
1253 2451 1294 2474 rr.
1318 2441 1393 2472 AEn.
1416 2441 1566 2472 ‘Votum
1590 2450 1652 2481 pro

953 2494 1066 2525 reditu
1092 2491 1272 2524 simulant!
1318 2492 1377 2531 Et,
1400 2491 1409 2508 ⁸
1425 2491 1511 2521 Pars
1534 2495 1652 2531 stupet

951 2545 1105 2586 innuptae
1121 2542 1248 2575 donum
1263 2541 1400 2574 exitiale
1414 2540 1604 2574 Minervae.’
