1915 3231
224 280 309 322 166
709 294 920 326 mc‘rvos
950 296 1221 328 CRETENsis

225 383 421 434 Piros,4¹¹
454 398 512 427 ex
532 386 749 432 Thracia:
782 389 1036 444 Euphemus
1055 389 1340 432 Troezeniusi
1362 390 1541 433 Ciconis
1560 390 1577 414 ¹*
1598 392 1677 434 im-

225 452 443 505 peritans:
466 454 744 507 Pylaemenes
759 455 1119 509 Paphlagonum)
1140 462 1262 510 patre
1280 457 1420 499 Melio
1434 458 1674 511 gloriosus:

229 518 370 560 Odius
390 525 435 561 et
454 520 752 576 Epistrophus
774 522 854 563 filii
878 523 1036 564 Minii⁵
1059 522 1325 565 Alizonum6
1354 537 1475 578 reges
1492 537 1503 566 :
1519 529 1546 546 ¹¹¹
1577 524 1678 566 Sar-

831 642 1077 655 eeeeeeeeeeee

228 734 294 755 mas
309 725 488 766 ameriplem
507 727 611 764 Piros,
629 731 663 758 et
681 728 728 758 sic
746 728 893 760 Mercer.
917 733 925 746 ‘
941 730 1100 769 Expressi
1118 729 1320 769 scripturam
1346 733 1512 766 veterem,
1535 727 1591 759 cui
1611 737 1678 760 non

229 768 379 799 medeor.
426 769 581 808 Suspicio
598 776 650 800 est
669 771 830 801 Nostrum
849 772 1036 812 scripsisse,
1053 774 1188 803 Acamas
1203 771 1470 812 Antenorisfilius
1485 773 1514 801 et
1532 770 1624 801 Piros
1639 780 1679 802 ex

229 810 385 845 Thracia,-
402 810 547 840 confusis
566 812 725 851 imperite
742 812 929 844 Acamante
947 814 1349 852 Inibrasi‚etAcan1ante
1364 812 1569 843 Antenoris?
1593 812 1680 852 Arg.

229 852 314 882 Cod.
332 852 465 883 Acamas
479 854 657 892 ameriplem
670 855 766 894 piros.
798 856 945 895 Conjicit
962 856 1119 887 Obrecht
1136 856 1226 887 istud
1244 856 1432 894 Ameriplem
1448 864 1489 886 ex
1505 854 1681 895 marginali

230 894 342 934 glossa
359 894 554 936 conflatum,
571 901 606 927 et
622 896 830 929 abundio—5
847 899 968 939 Delph.
985 899 1166 930 Minoi.——6
1193 899 1320 939 Delph.
1333 903 1369 929 et
1386 898 1476 938 vulg.
1489 897 1679 929 Azanorum.

888 1012 1029 1044 NOTAE

229 1080 392 1111 remotIm·
415 1081 472 1121 sit,
495 1092 618 1124 nempe
646 1085 686 1115 ad
716 1088 789 1118 180.
815 1086 927 1118 stadia

229 1129 358 1160 distans
386 1141 405 1161 a
433 1132 551 1169 Cuma,
589 1134 778 1166 Maeonibus
812 1137 927 1177 potius

230 1188 328 1219 quam
346 1180 502 1221 Pelasgis
520 1183 643 1214 ascribi
660 1183 774 1216 debet.
819 1185 927 1217 Acce-

230 1228 281 1259 dit
299 1230 400 1260 etiam
417 1230 507 1271 quod
533 1233 660 1263 nullum
685 1239 780 1265 extat
797 1240 928 1266 certum

230 1285 479 1320 argumentum,
491 1281 576 1313 hanc
592 1288 745 1324 tempore
758 1284 837 1315 belli
849 1285 930 1316 Tro-

226 1328 301 1367 jaui
322 1330 392 1369 jam
419 1330 543 1370 t'uisse3
569 1342 644 1363 cum
668 1343 710 1364 ne
734 1334 777 1365 de
795 1335 929 1375 Epheso

230 1378 365 1418 quidem
383 1381 485 1411 ullum
502 1386 607 1414 extet.
638 1384 755 1414 Restat
773 1384 876 1424 igitur
893 1389 930 1416 ut

231 1429 417 1460 secundam
435 1431 614 1473 intelligire,
632 1433 748 1465 Cumae
766 1435 929 1474 vicinam3

232 1480 327 1519 cujus
344 1481 573 1513 testimonium
590 1483 655 1514 fert
679 1484 784 1514 omnis
803 1485 931 1516 AEolica

231 1528 385 1565 historia,
413 1532 514 1571 paulo
540 1538 616 1572 post
631 1534 742 1574 Trojae
760 1535 929 1566 excidium

234 1584 339 1618 gesta.
363 1581 477 1612 Sti-ab.
495 1591 577 1613 xm.

277 1628 291 1649 ¹¹
308 1629 443 1662 Acamas
457 1631 663 1673 [ameriplem]
678 1634 773 1665 Piros
782 1646 821 1666 ex
832 1636 930 1668 Thra-

233 1678 299 1718 cia]
323 1680 390 1711 Hie
417 1679 559 1712 Acamas
586 1684 721 1715 Eussori
742 1684 828 1716 filius
843 1685 929 1724 fuit;

233 1730 387 1761 diversus
400 1732 441 1762 ab
453 1731 641 1765 Acamaute
656 1735 836 1767 Antenoris
851 1736 931 1776 filio,

234 1784 270 1810 et
287 1780 394 1811 altero
410 1780 598 1813 Acamante
616 1783 698 1815 Asii.
733 1785 845 1825 Piros,
859 1786 930 1817 Πεί-

236 1829 461 1869 pws,1mbrasi
477 1830 575 1863 filius.
610 1833 765 1875 Uterque
781 1835 931 1866 Thracas

236 1880 375 1911 duxere.
432 1882 570 1914 Homer.
603 1883 704 1925 Αὐτὰρ
724 1884 855 1925 Θρήϊκας
881 1885 932 1924 ἦγ’

234 1928 370 1968 Ἀκάμας
390 1930 440 1961 καὶ
463 1931 578 1972 Πείρως
598 1933 686 1973 ἥρως,
706 1934 846 1967 Ὀσσους
860 1937 930 1967 Ἔλ-

236 1979 415 2016 λὴσποντος
430 1981 580 2022 ἆγάῤῥοος
594 1983 681 2015 ἐντὸς
695 1984 803 2025 ἐέργει.
839 1991 847 2004 ‘
864 1987 931 2017 Ve-

239 2041 311 2062 rum
328 2032 479 2064 Thracas
503 2034 648 2065 ducebat
664 2035 808 2067 Acamas
825 2041 859 2067 et
878 2037 932 2067 Pi-

238 2091 294 2112 ros
323 2082 447 2121 Heros,
483 2083 660 2124 Quotquot
691 2085 935 2126 Hellespontus

238 2137 403 2162 aestuosus
423 2133 514 2164 intus
531 2134 708 2166 continet!

281 2181 289 2200 ¹
312 2182 488 2221 Euphemus
505 2183 694 2224 Troezenius]
723 2185 880 2216 Troezeni
896 2185 933 2216 fi-

242 2232 317 2263 lius.
362 2233 503 2263 Homer.
535 2233 679 2273 Εὔφημος
702 2235 727 2265 δ’
754 2235 851 2275 ἀρχὸς
880 2240 932 2266 Κι-

240 2282 336 2313 κόνων
363 2281 402 2320 ἧν
430 2282 621 2323 αἰχμητάων,
653 2284 723 2316 Υἱὸς
759 2285 933 2326 Τροιζήνοιο

242 2332 428 2372 διοτρεφέος,
445 2332 577 2364 Κεάδαο.
591 2337 600 2352 ⁸
616 2335 811 2375 Euphemus
823 2341 936 2367 autem

240 2383 309 2412 dux
341 2383 506 2415 Ciconum
537 2387 622 2419 erat.
658 2385 757 2415 hasta
786 2395 937 2426 pugnan-

241 2433 341 2470 tium,
379 2432 482 2463 Filius
510 2433 667 2465 Troezeui
698 2434 832 2474 nobilis,
868 2435 939 2467 Ceo

242 2481 425 2521 prognati.’

284 2530 300 2551 k
326 2530 464 2571 Cleonis]
496 2532 648 2564 Thraciae
678 2533 833 2574 populis3
856 2544 938 2574 qnos

245 2582 300 2612 alii
316 2581 357 2612 ad
373 2581 525 2613 Hebrum
540 2581 691 2619 fluvium,
707 2584 762 2614 alii
779 2584 820 2615 ad
837 2585 941 2616 Isma-

245 2641 318 2662 rum
337 2636 478 2670 ponunt.

290 2680 297 2701 ¹
320 2682 512 2721 Pyloemenes
529 2682 778 2722 Paphlagonius]
801 2683 943 2716 Homer.

244 2731 462 2771 Παφλαγόνων
471 2733 494 2762 δ’
504 2732 610 2771 ἡγεῖτο
619 2732 824 2771 Πυλαιμένεος
835 2733 945 2765 λάσιον

248 2782 316 2819 κῆρ,
346 2781 397 2818 Ἐξ
428 2781 569 2817 Ἐνετῶν,
600 2782 667 2813 ὅθεν
695 2782 827 2820 ἡμιόνων
854 2784 946 2823 γένος

247 2830 453 2871 ἀγροτεράων,
477 2831 517 2862 O‘l
537 2831 574 2871 ῥα
603 2832 747 2873 Κύτωρον
775 2833 862 2875 ἔχον,
893 2834 943 2866 καὶ

981 1086 1127 1126 Σήσαμον
1149 1086 1370 1126 ἀμφενέμοντο,
1394 1086 1490 1126 Ἀμφί
1509 1098 1544 1117 τε
1568 1086 1680 1127 Παρθέ-

981 1150 1045 1169 νιον
1057 1138 1196 1177 ποταμὸν
1207 1137 1307 1169 κλυτὰ
1321 1137 1433 1176 δώματ’
1451 1136 1561 1177 ἔναιον,
1575 1139 1680 1177 Κρῶμ-

981 1187 1038 1219 νάν
1047 1189 1074 1218 τ’
1084 1187 1235 1225 Αἶγίαλόν
1242 1201 1288 1228 τε,
1297 1187 1346 1219 καὶ
1358 1186 1492 1227 ὑψηλοὺς
1501 1187 1681 1228 Ἐρυθίνους.

981 1239 990 1256 ‘
1005 1238 1262 1278 Paphlagonum
1286 1239 1354 1268 dux
1377 1242 1454 1268 erat
1479 1237 1682 1278 Pylaemenis

984 1287 1095 1319 audax
1116 1297 1186 1318 cor.
1235 1288 1286 1318 Ex
1314 1287 1474 1326 Henetis,
1497 1286 1553 1317 ubi
1576 1287 1683 1318 mula·

984 1347 1056 1368 rum
1078 1338 1253 1377 generatio
1277 1338 1473 1376 agrestium,
1497 1336 1562 1368 Qui
1580 1337 1683 1377 Cyto-

984 1397 1057 1418 rum
1085 1387 1263 1426 tenebant,
1293 1391 1328 1417 et
1354 1386 1528 1417 Sesamum
1558 1386 1682 1417 incole·

984 1436 1078 1474 bant,
1101 1435 1269 1476 Circaque
1296 1435 1517 1466 Parthenium
1542 1433 1682 1466 fluvium

984 1486 1117 1516 inclitas
1134 1486 1223 1516 aedes
1241 1484 1471 1525 possidebant,
1487 1485 1682 1516 Cromnam-

985 1545 1050 1576 que
1069 1535 1314 1576 AEgialumqne,
1330 1538 1366 1566 et
1381 1535 1534 1565 excelsos
1549 1535 1682 1575 Erythi-

984 1585 1067 1616 nos.’
1125 1585 1363 1625 Paphlagonia
1392 1584 1484 1615 Asiae
1515 1585 1609 1624 regio
1639 1586 1682 1616 ad

986 1636 1131 1667 Pontum
1150 1635 1332 1674 Euxinum,
1353 1634 1456 1675 juxta
1477 1635 1603 1676 Halym
1621 1635 1683 1666 flu-

986 1687 1089 1717 vium.
1134 1687 1180 1716 Et
1206 1685 1239 1716 in
1267 1694 1306 1716 ea
1331 1685 1485 1716 Henetos
1500 1685 1595 1725 ponit
1613 1686 1684 1717 Ho-

984 1745 1068 1766 mer.
1085 1736 1162 1776 qnia
1180 1734 1309 1766 Heneti
1337 1735 1592 1775 Paphlagonum
1618 1737 1685 1776 pri-

985 1786 1091 1816 maria
1107 1794 1187 1825 gens
1203 1783 1355 1823 fuerunt,
1377 1784 1466 1825 iique
1484 1790 1559 1824 post
1574 1786 1683 1826 Trojae

986 1835 1155 1866 excidium
1173 1834 1295 1865 amisso
1318 1835 1404 1865 duce
1429 1843 1488 1874 per
1504 1834 1682 1866 Thraciam

988 1886 1113 1925 vagati,
1141 1895 1216 1916 cum
1250 1885 1421 1915 Antenore
1447 1885 1481 1914 in
1504 1884 1684 1915 Venetiam

987 1944 1186 1975 pervenere.
1233 1934 1274 1965 In
1292 1933 1523 1974 Paphlagonia
1540 1928 1685 1965 Parthe-

986 1986 1060 2015 nius
1076 1984 1211 2023 fluvius,
1231 1985 1273 2015 ad
1291 1993 1391 2025 quem
1406 1983 1576 2014 Heraclea
1591 1984 1684 2015 urbs.

988 2035 1072 2065 Post
1095 2044 1170 2065 eum
1195 2033 1334 2065 fluvium
1358 2033 1454 2064 fuere
1472 2033 1562 2074 pagi,
1580 2034 1685 2073 Cyto-

990 2094 1055 2120 rus,
1076 2085 1249 2120 Sesamus,
1265 2089 1301 2115 et
1316 2084 1473 2115 Cromna.
1519 2084 1548 2114 E
1564 2084 1685 2124 quibus

992 2133 1158 2165 Amastris
1190 2143 1274 2164 uxor
1307 2133 1476 2173 Dionysii,
1509 2132 1686 2165 Heracleae

987 2184 1136 2224 tyranni,
1151 2183 1334 2214 Amastrim
1347 2183 1463 2214 urbem
1475 2185 1686 2223 compo-suin

987 2239 1024 2265 et
1047 2234 1193 2273 Cytorus
1218 2232 1405 2273 emporium
1432 2231 1498 2263 fnit
1525 2232 1687 2271 Sinopen·

988 2284 1085 2314 sium.
1129 2283 1286 2314 Sesamus
1307 2291 1367 2312 arx
1384 2281 1559 2313 Amastris.
1604 2282 1689 2314 Post

990 2332 1171 2364 Amastrim
1188 2332 1220 2362 in
1237 2332 1353 2362 littore
1368 2329 1434 2362 fuit
1451 2341 1569 2372 pagus,
1587 2341 1606 2362 a
1621 2332 1688 2364 situ

991 2382 1103 2412 dictus
1117 2380 1273 2420 AEgialus.
1308 2379 1393 2411 Post
1408 2379 1574 2420 AEgialum
1591 2387 1690 2412 erant

993 2433 1059 2464 duo
1073 2432 1201 2473 scopuli
1218 2431 1386 2471 Erythini,
1398 2431 1455 2471 qui
1473 2435 1592 2471 postea
1602 2442 1620 2464 a
1634 2442 1689 2463 ru-

993 2483 1053 2514 bro
1070 2483 1183 2514 colore
1201 2481 1375 2522 Erythriui
1391 2480 1475 2512 dicti
1492 2487 1582 2512 sunt.

1034 2539 1056 2554 ¹¹¹
1082 2533 1181 2564 Odius
1207 2535 1238 2563 et
1264 2531 1469 2571 Epistrophus
1487 2530 1557 2571 filii
1584 2530 1689 2562 Minoa·

990 2584 1168 2616 Azanorum
1182 2580 1285 2621 reges]
1312 2582 1422 2621 Lege:
1444 2585 1452 2598 ‘
1468 2580 1576 2611 Odius
1592 2586 1627 2611 et
1646 2581 1689 2611 E-

994 2633 1186 2676 pistrophus
1202 2631 1263 2662 filii
1279 2631 1388 2662 Minoi
1414 2629 1613 2661 Halizonum
1639 2640 1691 2662 re·

992 2683 1066 2725 gis.'
1111 2683 1250 2714 Homer.
1275 2679 1377 2719 Αὐτὰρ
1399 2677 1571 2718 Ἁλιζώνων
1589 2680 1691 2711 Ὀδίος

994 2733 1044 2765 καὶ
1057 2732 1260 2772 Ἐπίστροφος
1274 2729 1382 2770 ἦρχον,
1398 2729 1536 2766 Τηλόθεν
1551 2730 1582 2769 ἐξ
1597 2729 1689 2760 Ἀλύ-

996 2787 1067 2822 βης,
1091 2783 1161 2814 ὅθεν
1186 2781 1319 2822 ἀργύρου
1340 2779 1408 2811 ἐστὶ
1430 2778 1577 2819 γενέθλη.
1599 2781 1609 2798 ‘
1623 2781 1688 2812 Sed

997 2832 1218 2866 Halizonibus
1249 2829 1358 2861 Odius
1395 2835 1430 2861 et
1464 2829 1691 2871 Epistrophus
