1915 3231
521 374 583 403 DF.
617 373 772 403 Brinno
806 372 1031 403 TROJANO
1065 373 1159 404 Lm.
1193 373 1245 404 11.
1518 364 1602 406 179

161 464 343 506 conferti
364 464 473 505 inter
494 477 558 515 se,
580 468 709 518 atque
727 464 911 517 imperia
932 467 1155 504 servantes
1176 468 1279 504 eunt
1294 463 1482 504 obviam.
1514 466 1604 506 Sed

160 531 325 585 Ajaces
340 531 427 571 duo
448 531 491 571 in
511 531 784 584 aliquantum
803 531 899 571 acie
912 529 930 554 ⁶
951 531 1186 583 progressi,
1201 530 1360 583 primos
1379 530 1602 571 Thracum

158 598 370 639 invadunt
391 600 524 651 atque
547 599 812 651 opprimunt.
854 597 973 638 Dein
991 598 1148 651 reliqui
1173 598 1327 648 duces,
1348 601 1396 639 ut
1415 598 1599 651 quisque

159 666 305 706 locum
326 669 517 718 ceperat,
540 664 707 706 caedere
730 664 927 717 singulos
945 678 956 716 3
978 668 1021 704 et
1041 665 1116 705 ubi
1137 665 1320 705 conferti
1340 669 1356 694 ⁷
1377 668 1604 713 steterant,

160 731 254 773 bini
273 735 348 772 aut
368 732 557 784 amplius
575 732 841 784 congregati,
859 732 1027 785 impetu
1049 745 1131 773 suo
1153 731 1418 773 dissolvere:
1436 744 1489 772 ac
1503 743 1608 771 mox

161 799 386 852 dispersos
419 798 706 852 palantesque
741 797 995 847 interficere,
1027 811 1208 851 prorsus
1237 799 1302 839 uti
1335 799 1481 839 nullus
1506 797 1604 838 reli-

163 878 276 919 quus
297 864 433 905 caedis
453 864 586 905 fieret.
626 863 697 906 Ac
720 864 870 905 statim
887 864 1029 914 Graii,
1053 865 1260 906 extinctis
1275 865 1350 918 qui
1371 864 1604 906 adversum

163 932 315 981 ierant,
335 932 460 984 signo
482 930 587 972 dato
621 931 677 971 ad
707 931 897 972 tentoria
932 944 1081 971 eorum
1111 936 1308 984 pergunt.
1368 930 1432 972 At
1450 931 1514 972 illi
1536 931 1611 984 qui

165 998 370 1040 custodes
400 997 560 1038 castris
594 997 738 1038 relicti
774 997 859 1038 soli
894 997 1184 1050 supererant,8
1206 998 1315 1039 visis
1336 1000 1489 1039 contra
1508 998 1614 1039 hos-

163 1066 299 1115 tibus,
319 1072 477 1107 terrore
497 1065 597 1117 ipso
616 1063 918 1104 miserandum
949 1065 991 1103 in
1024 1063 1204 1104 modum
1226 1064 1495 1115 effoeminati,
1518 1077 1614 1105 om-

165 1132 296 1173 nibus
319 1132 525 1172 amissis‘l
555 1131 613 1172 ad
645 1131 811 1171 moenia
841 1129 1108 1182 confugiunt.
1165 1130 1281 1170 Tum
1303 1131 1497 1184 undique
1517 1143 1612 1172 ver-

169 1211 247 1239 sus
267 1199 404 1238 nostri
425 1198 648 1246 irruentes,
664 1208 802 1245 arma,
822 1208 976 1249 equos,
997 1196 1141 1249 regias
1163 1209 1287 1249 opes,
1304 1201 1351 1237 et
1367 1197 1423 1238 ad
1441 1200 1611 1252 postre-

169 1277 286 1306 mum
304 1264 368 1304 uti
385 1262 578 1316 quidque
601 1275 698 1303 sors
720 1262 916 1312 dederat,
931 1263 1206 1316 praeripiunt.
1245 1263 1347 1314 [47.]
1368 1264 1471 1305 Hoc
1482 1265 1613 1306 modo

168 1332 359 1372 victores
389 1329 514 1370 Graii
551 1329 706 1370 deletis
739 1342 840 1370 cum
873 1330 1137 1383 imperatore
1169 1330 1434 1381 Thracibus,
1468 1334 1614 1374 onusti

170 1397 323 1451 praeda
343 1401 474 1450 atque
494 1396 710 1442 victoria,r
739 1396 792 1436 ad
815 1409 947 1437 naves
969 1396 1285 1449 digrediuntur:
1317 1410 1417 1438 cum
1444 1399 1615 1439 interim

169 1463 351 1517 Trojani
369 1476 425 1503 ex
446 1463 578 1503 muris
597 1466 893 1516 respectantes
914 1463 1208 1516 nequicquam
1230 1476 1309 1516 pro
1330 1464 1480 1514 sociis,
1497 1465 1610 1507 intra

171 1531 336 1572 moenia
358 1535 531 1570 tamenS
560 1528 843 1582 trepidarent.
903 1529 1044 1581 Igitur
1063 1530 1250 1579 barbari,
1271 1533 1338 1570 tot
1351 1530 1444 1583 jam
1465 1531 1617 1572 adver-

174 1598 236 1638 sis
266 1597 398 1637 rebus
425 1596 569 1645 fracti,
600 1596 774 1648 legatos
806 1595 1002 1637 inducias
1037 1597 1308 1650 postulantes
1339 1598 1395 1637 ad
1427 1597 1612 1639 Graecos

171 1664 362 1705 mittunt.
423 1661 493 1703 Ac
526 1675 635 1702 mox
670 1663 832 1703 nostris
854 1663 1149 1703 conditionem
1173 1663 1533 1716 approbantibus,
1555 1666 1617 1705 in-

172 1729 383 1783 terposito
422 1729 639 1769 sacrificio
678 1728 810 1768 fidem
850 1729 973 1781 pacti
1011 1729 1252 1770 firmavere.
1326 1729 1496 1771 Eodem
1530 1731 1620 1772 fere

173 1800 368 1849 tempore
407 1794 614 1849 Chryses,
657 1808 789 1848 quem
832 1795 1109 1837 sacerdotem
1154 1796 1360 1838 Sminthii
1399 1797 1621 1851 Apollinis

173 1875 309 1915 supra
341 1862 703 1911 memoravimus,
740 1861 798 1902 ad
840 1862 1089 1903 exercitum
1129 1863 1250 1904 venit
1284 1867 1426 1905 actum
1461 1865 1622 1918 gratias

175 1941 306 1982 snper
325 1928 406 1976 his,
427 1941 528 1982 quae
560 1928 605 1968 in
643 1941 693 1969 se
726 1933 906 1981 recepta
925 1927 1016 1969 filia
1036 1929 1218 1981 benigne
1241 1930 1297 1970 ab
1318 1931 1480 1972 nostris
1503 1936 1624 1984 gesta

175 2001 321 2036 erant:
353 1997 409 2036 ob
432 2009 532 2048 quae
555 1999 646 2036 tam
668 1995 948 2045 honorifica,¹
981 1996 1108 2036 simul
1129 1996 1248 2049 quod
1273 1995 1543 2051 Astynomen
1571 1999 1623 2039 lia

176 2061 386 2102 beraliter
403 2062 600 2102 habitam
617 2062 629 2083 ἱ
659 2066 938 2115 cognoverat,
968 2061 1193 2102 reductam
1222 2075 1369 2103 secum
1392 2061 1623 2116 Agamem—

178 2128 282 2169 noni
315 2128 461 2170 tradit.
521 2128 681 2183 Neque
710 2129 849 2170 multo
881 2133 990 2182 post
1020 2129 1282 2179 Philocteta,
1317 2142 1415 2171 cum
1446 2130 1515 2171 his
1550 2133 1623 2185 qui

788 2258 1021 2271 eeeeeeeeeeee

180 2333 252 2362 ante
265 2331 398 2371 positam
410 2331 568 2364 civitatem
582 2343 593 2370 ;
608 2332 729 2364 omissa
743 2333 937 2372 voculajam
951 2337 1029 2363 ante
1041 2336 1240 2373 vespera.-—0
1257 2332 1437 2364 Omittitnr
1452 2333 1485 2363 in
1498 2333 1624 2372 Delplt.

181 2382 247 2404 vox
270 2373 335 2404 acie
361 2380 439 2405 ante
463 2376 697 2414 progressi.—7
722 2375 904 2407 Omittitur
921 2385 1054 2416 quoque
1071 2374 1201 2413 conferti
1217 2380 1296 2405 ante
1311 2378 1475 2413 steterant,
1489 2380 1525 2407 et
1547 2385 1626 2406 mox

177 2424 305 2455 prorsus
321 2421 397 2457 post
411 2417 664 2460 interficere.—8
688 2418 815 2459 Delph.
830 2418 1121 2459 superfuerant.—l
1138 2417 1264 2458 Delph.
1281 2417 1456 2458 magnifica.

832 2522 973 2556 NOTAE

225 2590 241 2611 (ι
266 2583 413 2616 Omnibus
429 2584 566 2626 amissis]
589 2587 659 2618 Pro
675 2587 814 2619 relictis.
974 2591 986 2606 ⁵
1009 2586 1098 2616 Intra
1113 2586 1224 2617 moem'a
1238 2586 1355 2626 tumen]
1390 2586 1628 2628 Nequicqnam

228 2638 240 2653 f
263 2634 377 2665 Onusti
398 2637 505 2674 praeda
519 2639 612 2676 atque
627 2635 773 2676 victoria]
806 2638 820 2659 ‘=
833 2637 880 2668 0-
934 2645 996 2676 pro
1013 2636 1110 2667 sociis
1124 2635 1351 2676 trepidarent,
1363 2640 1398 2667 et
1411 2637 1562 2677 quamvis
1578 2646 1628 2669 es-

187 2689 304 2715 nustus
319 2685 433 2724 praeda
444 2685 452 2698 ²
467 2686 643 2726 eleganter
655 2686 802 2726 dicitur3
820 2686 880 2718 sed
935 2690 1010 2716 sent
1027 2685 1116 2715 intra
1132 2685 1264 2715 moenia.

184 2736 194 2752 ⁶
208 2740 346 2765 onustus
360 2736 521 2767 victoria’
539 2737 594 2768 vix
610 2736 691 2768 ferri
710 2747 806 2778 posse
823 2747 882 2778 pu·
977 2737 987 2754 ²
1007 2734 1195 2766 Liberaliter
1208 2734 1361 2776 habitam]
1390 2735 1439 2765 Ut
1454 2735 1629 2770 liberalem

189 2789 235 2819 to,
258 2788 293 2814 et
317 2784 439 2816 vitiose
463 2785 592 2817 dictum
609 2786 769 2818 arbitror.
814 2786 882 2819 Sed
937 2784 1117 2825 nympham
1149 2783 1295 2816 decebat
1310 2794 1319 2823 ;
1352 2793 1417 2816 non
1448 2790 1560 2817 autem
1592 2791 1631 2818 ut

190 2831 233 2862 de
248 2831 345 2863 hoelo
369 2835 493 2875 queudi
517 2844 639 2875 genere
663 2834 737 2868 fuse
753 2836 882 2869 dictum
936 2844 1078 2866 servam.

192 2886 243 2912 est
260 2892 371 2923 supra.
