1915 3231
281 258 365 298 2:34
751 267 961 299 nrcrros
993 267 1263 299 cun'rssuffls

282 375 415 416 quam
446 374 615 403 armare
653 374 716 411 se,
760 365 835 402 aut
866 359 1013 402 aliud‘
1051 374 1131 414 pro
1175 361 1317 402 salute
1357 373 1512 414 capere
1541 359 1725 415 quirent,

280 430 551 483 opprimere:
582 442 760 484 prorsus
799 429 924 470 nulla
953 430 1129 483 requies
1165 428 1322 482 stragis
1351 433 1486 482 atque
1513 428 1726 477 funerum,

281 510 382 538 cum
401 497 548 551 palam
569 500 611 537 et
631 498 676 538 in
700 509 773 538 ore
804 510 984 538 suorum
1013 498 1135 538 liberi
1165 500 1459 551 parentesque
1478 508 1637 548 magno
1661 495 1726 535 in·

279 564 571 617 spectantium
602 563 764 616 gemitu
794 568 1073 605 necarentur:
1101 576 1293 617 moxque
1319 563 1426 617 ipsi,
1449 563 1523 616 qui
1553 565 1727 616 specta-

280 631 383 672 culo
413 630 804 672 carissimorum4g
834 630 1126 682 interfuerant,
1156 631 1450 672 miserandum
1477 630 1523 670 in
1550 629 1727 670 modum

279 698 514 739 interirent.
574 697 736 751 Neque
757 699 932 750 segnius
958 711 1039 752 per
1058 703 1199 739 totam
1220 698 1373 739 urbem
1394 695 1610 738 incendiis
1629 707 1728 748 ges-

279 767 385 814 tum,
412 764 573 818 positis
603 765 724 818 prius
753 765 1058 806 defensoribus
1091 766 1146 806 ad
1182 765 1359 805 domum
1380 761 1566 804 AEneaeh
1595 767 1727 815 atque

279 830 529 872 Antenoris.
590 831 772 873 Interim
793 831 997 872 Priamus
1018 844 1063 872 re
1084 832 1276 885 cognita,
1291 831 1347 872 ad
1370 842 1489 871 aram
1502 829 1532 871 J
1535 828 1633 870 ovis
1651 840 1728 868 an-

279 898 602 939 teaedificialis⁵
636 896 862 951 confugit,i
896 898 1114 951 multique
1149 912 1206 939 ex
1245 912 1298 940 eo
1330 899 1431 940 loco
1471 896 1528 938 ad
1559 895 1728 948 reliqua

280 964 480 1004 Deorum
503 965 692 1017 templa:
723 964 768 1004 in
800 962 930 1017 quis⁶
961 963 1218 1005 Cassandra
1250 965 1296 1005 in
1328 963 1468 1005 aedem
1499 962 1727 1002 Minervae.

281 1030 369 1071 Sed
391 1034 627 1084 postquam
646 1031 874 1071 universos
887 1030 960 1083 qui
981 1031 1026 1070 in
1046 1043 1204 1071 manus
1220 1034 1430 1071 venerant
1449 1028 1569 1070 foede
1592 1032 1728 1080 atque

283 1096 476 1137 inultos⁷
521 1095 872 1146 obtruncavere}
917 1097 1162 1150 occipiente
1200 1097 1300 1138 luce
1339 1097 1519 1137 domum
1557 1095 1601 1136 in
1640 1105 1729 1148 qua

281 1161 458 1204 Helena
493 1161 610 1204 erat¹
641 1162 960 1216 aggrediuntur.
1038 1163 1110 1204 lbi
1152 1163 1388 1204 Menelaus
1427 1160 1727 1216 Deiphobum,

883 1282 1120 1297 eeeeeeeeeeee

280 1360 298 1387 4
318 1356 401 1387 Post
416 1357 645 1388 carissimorum
663 1357 746 1396 legit
771 1356 898 1397 Delph.
913 1361 1146 1397 corporum—5
1172 1358 1298 1397 Delph.
1313 1361 1348 1389 et
1363 1357 1453 1397 vulg.
1466 1360 1540 1388 aute
1552 1354 1727 1397 aedificiale.

280 1399 439 1429 Correxit
457 1399 623 1431 Obrecht.
640 1409 681 1430 ex
697 1399 791 1430 Med.
808 1399 893 1430 Cod.
911 1399 991 1438 Arg.
1006 1400 1267 1441 antecedaficiales.
1305 1400 1487 1440 Scioppius
1501 1398 1728 1440 edific-iulis.—

279 1444 299 1471 6
323 1442 457 1472 Desunt
480 1442 514 1472 in
538 1442 664 1483 Delph.
689 1451 788 1473 voces
804 1442 838 1472 in
853 1442 997 1482 quis.—7
1021 1443 1123 1483 Vulg.
1146 1443 1335 1474 multos.—8
1359 1442 1450 1474 Ante
1476 1450 1565 1473 aram
1589 1440 1727 1472 exbibet

926 1545 1067 1578 NOTAE

278 1620 384 1660 sacra]
417 1619 538 1658 Virgil.
562 1618 735 1649 ‘Plurima
760 1627 889 1659 perque
908 1619 976 1650 vias

278 1675 480 1702 sternuntur
507 1669 631 1699 inertia
660 1669 785 1709 passim
813 1670 980 1710 Corpora,

280 1730 410 1762 perque
441 1720 555 1751 domos
583 1724 620 1750 et
646 1720 801 1760 religiosa
829 1721 978 1752 Deorum

281 1768 438 1801 Limina.'

322 1819 337 1839 f
354 1820 418 1851 Aut
434 1818 534 1858 aliud]
559 1818 754 1858 Consilium,
769 1819 934 1860 intelligo.

322 1876 339 1898 s
363 1869 602 1901 Caris-simorum
616 1869 791 1909 corporum]
825 1870 978 1909 Corpora

279 1919 376 1957 dicit,
388 1918 476 1960 quod
493 1928 552 1949 nos
567 1918 723 1959 dicimus,
738 1920 791 1949 des
803 1929 976 1959 personne-⁵1.

278 1970 334 2001 Ita
350 1969 466 2001 Graeci
483 1968 624 2006 σώματα.

321 2019 337 2040 ¹¹
360 2019 480 2051 Positis
488 2019 576 2058 prius
586 2018 795 2057 defensoribus
808 2019 847 2049 ad
859 2020 978 2049 domum

279 2071 399 2109 AEneoe,
436 2069 504 2110 ξω]
549 2069 673 2100 Strabo
710 2067 827 2107 refert,
856 2069 977 2108 pellem

278 2120 453 2159 pantherae
479 2118 607 2149 foribus
634 2122 764 2149 tantum
792 2127 978 2158 appensam

278 2169 391 2200 fuisse.

321 2219 330 2240 i
343 2217 601 2259 Ameoedificiulis
619 2217 706 2258 [ante
715 2217 892 2259 aedificiale]
906 2228 977 2249 con-

271 2269 379 2309 fugit]
403 2268 631 2300 ‘AEdificiale’
655 2277 715 2308 pro
740 2267 885 2298 aediticio
905 2269 975 2299 sive

281 2320 376 2359 regia
392 2319 532 2358 Priami,
545 2318 714 2358 elegantia
730 2317 830 2357 hujus
844 2317 973 2349 saeculi.

279 2368 366 2399 Aras
382 2374 462 2400 ante
477 2367 566 2398 fores
584 2367 706 2398 aedium
720 2367 834 2398 Graeci
848 2366 973 2398 habue-

279 2424 370 2458 runt,
380 2423 496 2449 notum
512 2427 554 2448 ex
567 2418 719 2449 comicis.
731 2417 867 2448 Mercer.
891 2416 977 2447 Aras

279 2468 352 2499 illas
382 2468 552 2499 habebant
578 2468 611 2498 in
637 2467 749 2498 media
772 2471 881 2507 corte,
907 2467 978 2498 sive

279 2519 313 2549 in
331 2518 504 2559 impluvio.
547 2518 606 2549 Sic
621 2518 743 2558 Virgil.
768 2517 811 2548 de
838 2526 895 2548 ara
922 2517 978 2548 illa

280 2569 431 2600 Priami:
449 2574 457 2586 ‘
469 2569 606 2601 AEdibus
621 2569 654 2599 in
671 2567 803 2607 mediis,
819 2568 978 2608 nudoque

278 2619 339 2650 sub
355 2619 481 2650 ameris
499 2628 577 2657 axe,
591 2618 717 2659 Ingens
735 2628 794 2648 ara
808 2617 886 2653 fuit,
897 2617 977 2658 jux-

280 2674 381 2710 taque
413 2670 596 2700 veterrima
619 2669 745 2705 laurus,
773 2668 976 2699 Incumbens

279 2728 357 2756 arae,
375 2723 475 2757 atque
493 2718 610 2749 umbra
623 2718 799 2757 complexa
817 2716 980 2757 penates?

322 2767 335 2787 k
360 2768 460 2807 Atque
498 2768 611 2798 inultos
644 2768 876 2808 obtruncavere]
922 2768 976 2798 Sic

280 2818 505 2860 scribendum,
521 2828 587 2850 non
602 2819 610 2835 ‘
627 2817 771 2850 multos)
815 2818 871 2849 Ita
887 2826 977 2858 saepe

1032 1620 1178 1651 Veteres
1203 1620 1399 1661 scriptores,
1422 1620 1481 1662 qui
1502 1619 1574 1652 fere
1594 1628 1728 1661 semper

1032 1670 1065 1701 in
1082 1680 1123 1701 ea
1139 1680 1223 1701 voce
1240 1671 1403 1711 corrupti.
1438 1670 1575 1701 Sallust.
1591 1669 1601 1686 ‘
1615 1669 1728 1702 Dede·

1031 1730 1128 1752 cores
1143 1721 1308 1762 inultique
1325 1725 1422 1762 terga
1434 1720 1477 1752 ab
1491 1718 1645 1752 hostibus
1660 1728 1727 1751 cae-

1031 1770 1226 1802 debantur.'

1073 1820 1081 1841 ¹
1103 1822 1239 1852 Domum
1253 1821 1287 1851 in
1302 1830 1362 1861 qua
1374 1820 1497 1852 Helena
1510 1818 1594 1859 erat]
1610 1819 1730 1860 Virgil.

1031 1871 1151 1902 scribit
1172 1872 1338 1903 Helenam
1355 1881 1390 1903 se
1412 1871 1447 1902 in
1465 1871 1596 1911 templo
1609 1871 1728 1902 Vestae

1031 1921 1213 1954 abdidisse.
1244 1921 1301 1952 Ita
1317 1921 1461 1952 AEneas:
1483 1921 1494 1938 ‘
1508 1921 1593 1952 Cum
1614 1920 1729 1952 limina

1031 1971 1150 2002 Vestae
1166 1972 1380 2011 Servantem,
1392 1975 1428 2003 et
1443 1971 1580 2003 tacitam
1595 1976 1730 2002 secreta

1030 2021 1063 2053 in
1079 2022 1159 2053 sede
1177 2023 1353 2061 latentem,
1365 2020 1563 2062 Tyndarida
1579 2019 1730 2060 aspicio!

1032 2071 1099 2103 Sed
1113 2078 1215 2103 antea
1228 2071 1343 2103 Graeci
1355 2071 1490 2102 domum
1502 2070 1577 2111 ejus
1590 2079 1730 2111 aggres-

1033 2122 1059 2152 si
1077 2120 1213 2152 fuerant
1227 2121 1318 2152 circa
1334 2120 1479 2151 mediam
1495 2124 1630 2151 noctem
1644 2129 1653 2159 ;
1666 2120 1728 2150 eis-

1032 2180 1097 2212 que
1112 2171 1186 2211 ipsa
1202 2170 1336 2201 Helena
1349 2169 1440 2202 fores
1456 2173 1648 2209 aperuerat.
1671 2169 1729 2201 Sic

1031 2219 1120 2250 enim
1136 2219 1349 2260 Deiphobus,
1363 2218 1454 2259 apud
1469 2219 1566 2259 Virg.
1587 2227 1636 2250 vx.
1652 2218 1729 2249 AEn.

1033 2271 1042 2286 ‘
1055 2270 1138 2300 Tum
1154 2279 1219 2309 me,
1229 2268 1425 2300 confectum
1440 2269 1529 2300 curis
1544 2276 1729 2310 somnoque

1032 2324 1221 2360 gravatum,
1248 2317 1374 2349 Infelix
1403 2318 1523 2350 habuit
1552 2318 1730 2358 thalamus,

1034 2369 1222 2410 pressitque
1244 2369 1421 2409 jacentem
1448 2368 1570 2399 Dulcis
1594 2372 1631 2399 et
1659 2369 1729 2399 alta

1033 2418 1138 2459 quies,
1168 2417 1380 2458 placidaeque
1409 2417 1578 2448 simillima
1604 2419 1704 2448 morti
1719 2429 1727 2448 :

1032 2467 1179 2508 Egregia
1195 2467 1326 2497 interea
1351 2467 1476 2507 conjux
1499 2476 1592 2498 arma
1614 2468 1728 2498 omnia

1032 2518 1131 2549 tectis
1156 2518 1312 2556 Emovet,
1327 2521 1362 2548 et
1386 2516 1490 2548 fidum
1517 2517 1624 2558 capiti
1649 2517 1728 2548 sub—

1032 2567 1176 2598 duxerat
1205 2575 1319 2597 ensem
1333 2576 1343 2604 3
1372 2565 1471 2598 Intra
1507 2570 1601 2598 tecta
1629 2570 1729 2598 vocat

1032 2617 1241 2657 Menelaum,
1257 2621 1292 2647 et
1312 2616 1431 2647 limina
1452 2616 1586 2657 pandit.
1631 2616 1730 2648 Scili-

1031 2671 1088 2698 cet
1111 2667 1146 2698 id
1171 2675 1328 2706 magnum
1350 2675 1491 2706 sperans
1516 2665 1590 2697 fore
1606 2675 1727 2697 munus

1033 2715 1170 2755 amanti,
1195 2715 1238 2745 Et
1262 2713 1384 2745 famam
1401 2714 1554 2755 extingui
1572 2718 1726 2746 veterum

1032 2766 1080 2796 sic
1098 2774 1196 2804 posse
1222 2763 1406 2794 malorum!
1451 2763 1620 2795 Homerus
1643 2764 1726 2796 scri-

1033 2815 1083 2848 bit
1100 2814 1166 2846 Odz
1190 2819 1224 2846 Θ.
1242 2823 1318 2846 cum
1335 2813 1493 2846 Menelao
1509 2813 1665 2854 Ulyssem
1681 2813 1725 2846 ad
