1915 3231
532 289 594 320 DE
627 287 862 319 ms'romA
899 288 1042 319 Betim
1076 288 1312 321 TRoJANl.
1346 282 1349 287 '
1577 280 1635 322 59

188 399 289 429 cum
311 399 485 429 suorum
520 399 625 441 ope,
650 386 899 438 detersisse,
931 399 1117 441 quarum
1138 387 1334 428 omnium
1354 388 1568 429 rationem
1589 389 1633 429 in

188 454 324 495 Notis
358 467 445 494 non
480 454 541 495 sit
577 452 848 508 redditurus)
884 455 962 495 vix
999 453 1169 502 dubito,
1204 454 1309 507 quin
1338 453 1426 506 legi
1461 454 1634 504 debeat,

187 522 200 540 ‘
223 520 399 573 cognito
439 533 518 574 per
556 520 808 561 universum
840 520 1080 561 exercitum
1124 520 1324 573 proelium
1364 532 1462 560 esse
1502 520 1546 560 in
1581 533 1636 560 ea

187 588 341 640 parte!
399 588 523 628 Solet
551 588 667 629 enim
688 588 760 628 ille
780 587 1009 642 participii
1029 587 1251 628 ablativus
1267 587 1333 627 ita
1351 599 1452 627 cum
1469 587 1635 627 infinito

187 653 396 694 construi.
456 654 532 695 Sic
555 665 620 696 v1.
642 656 711 695 15.
733 655 817 695 bis.
877 658 889 676 ‘
905 655 977 696 Ita
996 654 1178 704 credito,
1198 654 1470 707 Telegonum
1493 653 1549 694 ad
1571 655 1636 694 in-

187 719 409 761 ferendam
428 721 519 761 vim
541 720 656 773 Regi
681 720 919 762 adventare
932 721 956 773 3'
987 721 1105 771 dein,
1128 721 1261 775 plane
1281 725 1330 762 ut
1357 721 1446 770 hic,
1479 722 1492 741 ‘
1508 720 1636 761 Tele-

187 799 344 839 gonuS,
380 787 558 840 cognito
588 792 820 841 parentem
854 787 981 829 esse.’
1037 787 1145 828 Tac.
1166 787 1284 828 Ann.
1307 798 1373 828 ιν.
1401 788 1473 829 36.
1492 790 1639 828 ‘com-

194 857 322 906 perto
342 851 446 893 ficta
468 853 511 893 in
530 865 631 894 eum
652 852 863 894 crimina.'
923 854 1020 895 Liv.
1044 864 1235 895 xxvln.
1258 854 1331 896 17.
1360 855 1374 876 ‘
1388 854 1525 895 Haud
1547 855 1639 895 cui-

189 932 322 973 quam
343 919 495 968 dubio,
516 920 708 974 opprimi
729 920 892 974 posse?
950 921 1068 962 Mox
1086 920 1319 973 legendum
1341 921 1519 962 omnino
1538 934 1638 962 cum

191 985 376 1028 Barthio
397 991 442 1028 et
461 986 721 1040 Vindingio,
744 991 757 1009 ‘
773 987 1072 1029 confirmatis?
1131 989 1207 1029 Sic
1227 987 1365 1041 paulo
1387 991 1503 1037 ante,
1524 990 1537 1011 ‘
1551 988 1640 1028 dis-

189 1053 353 1106 positis
387 1053 498 1094 satis
531 1053 741 1105 strenuis,
761 1055 838 1096 ubi
864 1055 1093 1107 pugnabat
1107 1054 1132 1107 ;’
1166 1057 1211 1095 et
1232 1055 1301 1095 10.
1341 1057 1354 1076 ‘
1372 1054 1542 1104 relicto,
1560 1055 1641 1095 ubi

191 1118 443 1172 pugnabat?

250 1196 323 1226 ιιι.
346 1186 415 1227 13.
447 1188 460 1209 ‘
478 1186 640 1240 Neque
675 1187 817 1228 multo
852 1191 958 1241 post
988 1200 1047 1228 ex
1077 1187 1195 1228 alio:
1232 1187 1526 1229 abnuentibus
1543 1186 1639 1240 jam

195 1252 422 1303 Barbaris‚
445 1267 501 1294 ac
538 1254 635 1294 sine
659 1254 750 1295 ulla
784 1253 1042 1295 difficultate
1074 1252 1243 1295 versis?
1301 1253 1490 1295 Nullum
1508 1253 1643 1294 habet

193 1332 370 1360 sensum
392 1321 500 1361 satis
513 1321 790 1362 commodum
811 1320 925 1361 illud
955 1323 968 1341 ‘
985 1319 1309 1361 abnuentibus?
1366 1319 1530 1361 Putem
1552 1332 1643 1360 ma-

192 1397 298 1426 num
334 1386 539 1439 Septimii
572 1387 727 1437 fuisse,
763 1392 773 1410 ‘
794 1385 1090 1428 abeuntibus?
1149 1386 1347 1427 Primum
1386 1385 1501 1426 enim
1532 1386 1644 1427 Tro-

187 1452 284 1505 jani
303 1466 403 1493 cum
425 1454 686 1507 aliquandiu
709 1458 1041 1508 oppugnassent
1056 1454 1220 1494 frustra
1232 1453 1412 1501 vallum,
1429 1457 1474 1493 et
1495 1451 1642 1494 Graeci

186 1518 280 1571 jam
301 1526 576 1572 erumperent
599 1534 657 1562 ex
678 1533 765 1561 una
797 1525 934 1573 parte,
967 1519 1080 1560 ultro
1111 1520 1234 1560 abire
1254 1519 1541 1572 incipiebant,
1564 1519 1644 1559 sed

194 1598 303 1626 mox
324 1587 380 1627 ab
412 1588 738 1640 erumpentibus
757 1600 814 1628 ex
847 1587 935 1628 alia
958 1598 1134 1640 quoque
1155 1588 1295 1639 parte,
1322 1586 1367 1626 in
1399 1585 1546 1637 sugam
1580 1585 1645 1626 fa-

194 1650 279 1691 cile
293 1657 395 1692 sunt
414 1653 550 1693 versi.

252 1727 325 1757 111.
374 1718 446 1759 14.
515 1721 529 1740 ‘
550 1717 788 1772 Reliquias
837 1716 1082 1772 (Patrocli)
1122 1717 1167 1759 in
1215 1730 1371 1758 urnam
1408 1718 1648 1770 collegerat

194 1782 449 1836 (Achilles),
470 1785 690 1826 decretum
719 1785 887 1840 quippe
917 1786 1064 1827 animo
1095 1785 1284 1838 gerebat,
1316 1797 1468 1826 secum
1500 1785 1542 1825 in
1569 1797 1648 1838 pa-

192 1851 321 1892 trium
344 1852 487 1893 solum
505 1853 570 1894 uti
588 1852 836 1903 adveheret,
857 1853 925 1894 vel
947 1853 987 1894 si
1006 1853 1184 1894 fortuna
1203 1852 1248 1893 in
1263 1865 1310 1893 se
1329 1864 1482 1893 casum
1503 1856 1649 1892 muta-

193 1922 273 1967 ret,
296 1931 382 1960 una
403 1922 534 1973 atque
553 1919 708 1960 eadem
728 1920 952 1973 sepultura
971 1933 1070 1962 cum
1092 1920 1323 1961 carissimo
1343 1919 1430 1960 sibi
1451 1919 1648 1960 omnium

194 1983 395 2038 contegi?
453 1985 677 2038 Integrum
694 1987 917 2039 exscripsi
928 1987 1095 2036 locum,
1117 1986 1222 2040 quia
1241 1998 1299 2026 ex
1315 1997 1429 2026 nexu
1446 1989 1490 2027 et
1506 1999 1650 2040 oppo-

195 2051 357 2092 sitione
376 2064 512 2093 rerum
526 2052 694 2106 liquere
708 2053 822 2094 satis
837 2056 960 2107 puto,
972 2053 1204 2105 legendum
1220 2065 1336 2102 esse,
1355 2056 1368 2075 ‘
1384 2052 1649 2094 maturaret!

195 2117 267 2158 De
297 2122 433 2159 morte
465 2119 580 2160 enim
615 2119 774 2171 agitur,
795 2132 927 2173 quam
960 2120 1180 2161 obiturum
1216 2131 1394 2173 quoque
1415 2119 1650 2168 Achillem,

195 2185 336 2226 serius
357 2190 434 2226 aut
464 2186 610 2237 citius,
638 2192 805 2228 certum
846 2192 958 2236 erat,
984 2187 1063 2228 sed
1102 2186 1149 2227 id
1188 2186 1415 2236 incertum,
1436 2199 1491 2227 an
1521 2187 1650 2227 mori-

195 2254 322 2292 turus
341 2256 477 2303 esset,
497 2257 726 2307 antequam
746 2254 907 2295 rediret
941 2254 1014 2294 ‘in
1043 2254 1235 2307 patrium
1267 2253 1444 2295 solum.'
1503 2252 1649 2294 Casus

199 2319 284 2358 κατ’
306 2318 452 2374 ἐξοχὴν,
473 2324 516 2361 et
537 2333 614 2374 per
637 2318 833 2372 εὐφημίαν,
866 2320 1042 2374 ponitur
1070 2319 1142 2360 hic
1163 2332 1243 2372 pro
1262 2319 1505 2359 novissimo
1527 2332 1650 2368 casu,

194 2386 283 2427 hoc
315 2392 395 2436 est,
425 2391 594 2428 morte:
626 2387 758 2440 plane
791 2392 840 2428 ut
873 2387 926 2427 de
952 2399 1007 2427 ea
1029 2386 1175 2427 dicere
1206 2385 1408 2426 solebant
1429 2384 1649 2437 Veteres;

197 2454 267 2494 ‘si
297 2454 403 2507 quid
434 2454 519 2495 sibi
550 2453 802 2496 accideret?
861 2455 933 2496 Ita
964 2454 1146 2494 Sueton.
1170 2450 1288 2504 Aug.
1309 2452 1407 2491 101.
1437 2455 1480 2492 et
1509 2451 1650 2505 Calig.

197 2520 242 2561 3.
302 2519 470 2561 Noster
499 2521 612 2562 infra
633 2521 687 2561 de
717 2520 802 2561 hoc
832 2520 932 2574 ipso
955 2518 1146 2568 Achille,
1169 2529 1234 2558 lv.
1256 2518 1325 2560 13.
1357 2517 1650 2560 ‘deflentibus

198 2588 370 2628 cunctis
392 2599 544 2628 casum
575 2589 683 2628 tanti
714 2586 824 2637 viri,'
847 2587 931 2629 hoc
954 2590 1033 2636 est,
1053 2589 1252 2626 mortem.
1313 2584 1373 2627 Et
1394 2584 1459 2626 sic
1480 2586 1650 2639 passim

199 2654 321 2695 alibi.

259 2731 334 2761 111.
365 2720 436 2761 21.
466 2723 479 2742 ‘
497 2719 676 2774 Quippe
695 2720 742 2761 hi
762 2720 832 2761 fisi
850 2732 981 2774 regno
1004 2718 1390 2773 perjuventutmn,
1411 2729 1513 2758 curn
1535 2731 1651 2760 sem·-

200 2800 276 2840 per
295 2786 566 2840 cupiditates
586 2788 720 2829 animi
748 2801 929 2842 quoquo
950 2786 1084 2829 modo
1105 2785 1285 2839 explere
1304 2785 1512 2838 gestiunt,
1535 2785 1651 2828 ultro
