1915 3231
242 270 328 312 236
708 277 922 309 mcrYos
955 279 1229 309 cREruNffls

243 374 474 416 adversum
509 372 748 415 Herculem
783 372 957 414 famosa
985 371 1204 427 perjuria,i
1233 373 1566 426 insecutamque
1599 371 1696 426 ejus

243 441 362 493 regni
381 440 680 482 eversionem:
704 452 793 493 qua
808 444 1066 493 tempestate
1088 439 1291 480 Priamus
1312 439 1524 492 parvulus
1546 438 1697 479 admo-

244 507 362 557 dum,
382 511 512 561 atque
533 519 697 560 expers
725 506 916 547 omnium
935 518 1037 560 quae
1065 511 1189 559 gesta
1215 510 1349 550 eraut,
1371 505 1511 558 petitu
1533 504 1699 544 Hesio-

244 571 348 623 nae‚¹‘
378 586 512 626 regno
533 573 774 627 impositus
804 577 886 614 est.
945 573 1075 623 Eum,
1100 574 1216 613 male
1238 572 1332 625 jam
1353 571 1456 612 inde
1477 571 1698 623 desipien-

244 645 350 691 tem,
391 644 572 682 cunctos
613 640 841 693 sanguinis
881 641 950 681 sui
968 643 979 661 ¹
1019 640 1189 693 injuriis
1230 636 1463 679 insectaril
1500 637 1696 686 solitum,

244 713 468 762 parcumm
498 707 542 748 in
569 720 650 749 suo
683 711 814 760 atque
845 711 1130 761 appetentem
1159 706 1353 747 alieniz²
1384 718 1470 758 quo
1491 703 1697 756 exemplo

246 775 382 816 veluti
413 775 610 828 pessima
630 775 897 826 contagione
919 775 1113 815 imbutos
1134 773 1252 814 filios
1283 773 1377 825 ejus
1400 784 1545 824 neque
1569 782 1697 811 sacro

245 854 390 894 neque
424 841 606 894 profano
639 841 923 882 abstinuisse.
983 839 1186 881 Ceterum
1209 852 1256 880 se
1276 840 1429 879 eadem
1451 838 1588 890 stirpe
1609 849 1700 890 qua

246 909 471 949 Priamum
492 908 666 950 Graecis
691 908 985 961 conjunctum,
1007 908 1152 948 animo
1175 919 1350 959 semper
1375 907 1431 946 ab
1453 918 1507 945 eo
1530 904 1699 945 discer-

246 975 306 1017 ni.
356 975 599 1016 Hesionam
618 980 629 1004 ³
649 980 666 996 ¹²
687 976 869 1028 quippe,
891 974 1040 1015 Danai
1062 974 1211 1022 filiam,
1236 973 1454 1013 Electram
1477 971 1699 1023 genuisse,

246 1054 303 1082 ex
325 1054 414 1094 qua
443 1044 562 1082 ortus
584 1041 823 1082 Dardanus
854 1041 1056 1081 Olizonae
1082 1039 1239 1080 Phinei
1263 1038 1449 1092 junctus
1471 1037 1700 1078 Erichtho-

247 1108 399 1148 nium⁰
430 1107 675 1148 edideritz4
703 1107 798 1160 ejus
818 1107 949 1156 Tros,
970 1107 1070 1149 dein
1102 1119 1159 1147 ex
1186 1119 1239 1146 eo
1261 1106 1371 1156 Ilus,
1402 1103 1700 1158 Ganymedes,

249 1173 559 1225 CIeomestra,p
590 1179 637 1215 et
666 1173 933 1224 Assaracus,
965 1177 1098 1227 atque
1129 1186 1187 1215 ex
1217 1186 1271 1214 eo
1303 1173 1456 1226 Capys
1487 1169 1701 1211 Anchisae

248 1245 397 1295 pater:
430 1242 545 1283 Ilum
564 1242 663 1283 dein
682 1241 919 1282 Tithonum
941 1246 988 1282 et
1014 1240 1356 1282 Laomedontem
1377 1238 1579 1292 genuisse
1598 1250 1608 1278 :
1643 1249 1702 1278 ex

250 1308 550 1350 Laomedonte
585 1308 910 1358 Hicetaone1n‚⁵
944 1307 1155 1362 Clytium,
1187 1306 1418 1360 Lampum,
1441 1304 1701 1359 Tymoetem‚

857 1424 971 1437 ‘Ol-‘O‘
975 1423 1094 1436 ‘'Off“

250 1504 360 1535 locum
377 1503 527 1535 restituit
543 1502 708 1535 Obrecht.
723 1513 765 1534 ex
782 1502 876 1534 Med.
894 1502 978 1533 Cod.
994 1502 1117 1542 Delph.
1134 1504 1170 1533 et
1185 1501 1276 1541 vulg.
1291 1509 1421 1540 pravum
1437 1500 1592 1531 insuetum
1609 1501 1701 1538 atque

250 1556 281 1576 a.
296 1549 392 1577 a.—3
410 1547 534 1587 Delph.
551 1546 727 1577 Pleionam:
743 1546 791 1576 sic
808 1545 842 1575 in
860 1545 1008 1576 Mss.—-4
1026 1545 1151 1586 Delph.
1167 1547 1254 1575 ortus
1270 1543 1443 1575 Dardanus
1463 1543 1504 1573 O.
1521 1540 1701 1580 P.J'unccus

253 1588 295 1618 Ε.
310 1588 340 1620 ei
354 1589 549 1621 dederim—⁵
574 1588 696 1629 Delph.
715 1587 916 1620 Hictaonem.

902 1681 933 1712 N
940 1680 1042 1713 01*AE

296 1759 304 1780 ἰ
325 1758 498 1790 Adversum
514 1757 681 1788 Herculem
698 1755 824 1794 famosa
846 1754 950 1795 perju-

252 1810 318 1851 ria]
345 1809 428 1840 Cum
456 1807 662 1847 Laomedon,
687 1806 824 1837 oraculo
846 1805 951 1836 moui·

255 1866 321 1899 tus,
344 1859 531 1890 Hesionem
555 1856 657 1887 filiam
682 1860 761 1887 ceto
787 1855 951 1886 devoran-

254 1910 330 1940 dam
348 1908 574 1949 exposuisset,
587 1906 756 1938 Hercuies
773 1906 952 1947 pollicetur

253 1970 290 1991 se
306 1959 491 1990 Hesionem
507 1957 727 1988 liberaturum
740 1956 767 1987 si
782 1955 858 1995 sibi,
869 1965 952 1996 quas

255 2019 359 2050 equas
375 2008 422 2039 illi
441 2017 502 2048 pro
519 2011 618 2047 rapto
635 2005 834 2047 Ganymede
857 2005 953 2046 Jupi-

257 2065 311 2091 ter
325 2058 434 2098 dedit,
450 2056 642 2088 Laomedon
656 2056 784 2088 tradat.
829 2055 953 2087 Condi-

256 2109 382 2140 tionem
398 2108 531 2147 accepit
554 2107 760 2146 Laomedon,
782 2105 953 2137 Hercules

256 2164 370 2190 cetum
385 2158 524 2198 occidit,
534 2162 570 2189 et
585 2157 770 2189 Hesionem
782 2155 954 2187 liberavit.

255 2209 323 2240 Sed
336 2208 528 2240 Laomedon
544 2211 678 2248 pactam
689 2206 883 2238 mercedem
895 2205 952 2236 de·

256 2259 406 2300 negavit.
450 2258 564 2291 Quare
581 2258 688 2289 iratus
710 2256 878 2288 Hercules
895 2255 954 2286 ad-

256 2318 373 2340 versus
398 2309 533 2348 Trojam
562 2307 816 2348 expeditionem
840 2315 954 2337 susce-

258 2361 321 2400 pit.
343 2358 431 2390 Vide
448 2357 604 2399 Apollod.
618 2357 675 2389 lib.
692 2366 733 2389 ιι.

300 2408 315 2430 ¹⁸
340 2409 451 2440 Petita
476 2407 638 2447 Hesionoe]
660 2407 760 2448 Troja
784 2410 888 2447 capta
911 2405 954 2437 ab

258 2459 421 2499 Hercule,
431 2459 601 2497 Priamus,
613 2457 669 2499 qui
687 2462 769 2488 tunc
781 2456 954 2488 Podarces

260 2509 450 2549 dicebatur,
465 2509 554 2540 inter
567 2508 722 2549 captivos
734 2507 896 2539 Herculis
907 2512 956 2537 te-

258 2560 414 2590 nebatur.
460 2560 505 2590 Et
521 2568 597 2589 cum
613 2558 782 2589 Hercules
797 2557 955 2588 Hesionae

261 2609 408 2640 dedisset
424 2613 461 2640 ut
475 2618 559 2649 quos
572 2609 673 2639 vellet
686 2608 839 2648 captivos
852 2607 957 2647 elige-

261 2665 327 2698 ret,
349 2660 405 2689 ilia
425 2658 564 2690 fratrem
583 2668 678 2688 suum
700 2657 817 2697 elegit,
838 2662 874 2688 et
896 2667 956 2697 pro

263 2710 336 2749 ejus
353 2709 562 2740 redemtione
582 2708 679 2739 dedit
695 2707 884 2739 flanimeum
906 2717 957 2738 su-

264 2772 317 2793 um
335 2772 353 2794 e
369 2763 481 2803 capite
497 2762 647 2794 demtum
660 2772 670 2801 ;
683 2761 771 2792 unde
785 2760 959 2792 Podarces

265 2817 386 2853 postea
401 2812 512 2845 dictus
529 2812 538 2829 ‘
553 2810 734 2847 Priamus‚’
757 2810 853 2852 quasi
868 2810 876 2826 ‘
890 2819 958 2841 eni-

1005 1758 1059 1786 tus
1074 1753 1095 1786 :'
1119 1763 1194 1785 nam
1210 1753 1364 1794 πρίασθαι,
1380 1762 1493 1783 emere
1512 1756 1576 1784 est.

1043 1804 1052 1826 ¹
1077 1804 1252 1843 Sanguinis
1276 1804 1324 1834 sni
1355 1803 1522 1843 [sunguine
1545 1802 1592 1843 et]
1620 1802 1703 1842 iuju-

1004 1855 1064 1886 riis
1078 1854 1240 1894 insectari]
1256 1859 1264 1872 ‘
1278 1853 1446 1885 Insectari
1463 1853 1609 1893 aliquem
1628 1863 1703 1884 san-

1007 1904 1132 1946 guine,’
1155 1904 1235 1936 mihi
1253 1913 1340 1936 nove
1364 1908 1399 1935 et
1423 1903 1553 1935 duriter
1576 1903 1704 1934 dictum

1007 1955 1157 1988 videtur.

1048 2010 1071 2027 m
1093 2003 1283 2046 [Insuetum]
1300 2004 1392 2035 Puto
1406 2003 1474 2043 hic,
1488 2003 1497 2021 ‘
1513 2002 1707 2040 insuetum,’

1006 2065 1081 2088 esse
1110 2054 1236 2094 ferum,
1263 2059 1298 2085 et
1328 2054 1454 2095 opponi
1478 2055 1487 2072 ‘
1505 2053 1707 2086 mansueto!

1008 2107 1084 2140 Quo
1100 2115 1202 2137 sensu
1218 2114 1284 2136 non
1301 2104 1401 2135 facile
1418 2104 1499 2135 alibi
1516 2104 1683 2145 reperias.

1050 2161 1065 2177 ¹¹
1081 2156 1254 2187 Hesionam
1269 2154 1462 2196 [Pleionam]
1477 2154 1587 2194 quippe
1597 2154 1706 2186 Danai

999 2206 1121 2249 filiam]
1133 2206 1231 2237 Idem
1244 2215 1345 2246 supra
1362 2205 1418 2237 lib.
1430 2213 1456 2236 1.
1471 2214 1535 2236 non
1549 2205 1651 2245 longe
1664 2204 1706 2236 ab

1007 2257 1114 2288 initio.
1146 2256 1235 2287 Vide
1252 2265 1327 2296 quae
1346 2255 1392 2286 ibi
1409 2254 1503 2286 dicta
1520 2259 1610 2285 sunt.

1048 2312 1063 2328 0
1089 2306 1227 2337 Olizonae
1248 2305 1363 2336 Phinei
1377 2304 1507 2342 junctus
1528 2303 1706 2345 [junctum]

1008 2355 1266 2395 Erichthonium]
1302 2355 1444 2394 Optime
1482 2355 1612 2386 monuit
1652 2355 1706 2385 vir

1008 2408 1130 2439 doctus
1159 2406 1276 2437 deesse
1297 2415 1428 2444 vocem,
1446 2415 1527 2445 quae.
1566 2404 1708 2436 Olizonoe

1008 2457 1124 2489 Phinei
1144 2456 1302 2496 junctum,
1329 2465 1396 2494 quoe
1419 2456 1449 2486 ei
1470 2454 1708 2486 Erichthonium

1008 2508 1137 2540 dederit.
1183 2507 1291 2537 Porro
1309 2504 1460 2536 Dardani
1478 2513 1618 2535 uxorem
1642 2504 1708 2534 Ba-

1010 2564 1100 2589 team
1125 2556 1247 2587 Teucri
1286 2555 1402 2591 filiam,
1432 2564 1499 2585 nou
1527 2554 1706 2585 Olizonam

1011 2607 1146 2644 Phinei,
1161 2606 1256 2636 nuilti
1274 2605 1403 2636 dicunt.

1053 2662 1068 2683 Ρ
1094 2655 1296 2694 Cleomeslru]
1322 2656 1503 2695 Cleopatra
1520 2654 1644 2685 dicitur
1662 2653 1707 2684 A-

1011 2707 1187 2748 pollodoro
1202 2710 1236 2736 et
1253 2705 1338 2735 aliis.

1054 2762 1070 2784 ‘1
1095 2755 1314 2794 Hicetaonem]
1340 2753 1565 2784 Hicetaonem
1577 2761 1621 2784 ex
1637 2752 1710 2784 Ho-

1013 2816 1096 2840 mer.
1110 2811 1146 2838 et
1158 2804 1357 2847 Apollodor.
1375 2802 1614 2836 Laomedontis
1623 2802 1708 2835 filios
