1915 3231
472 476 1021 526 CORNELIUS
1106 478 1409 526 NEPOS

595 602 944 645 SALLUSTIO
977 602 1207 646 CRISPO
1240 603 1287 643 S.

217 717 349 776 CUM
370 736 513 778 multa
535 735 724 778 Athenis
746 736 1073 779 studiosissime
1095 751 1286 790 agerem,
1317 737 1466 778 inveni
1495 737 1672 779 histori-

218 813 288 842 am
313 801 492 843 Daretis
514 803 709 856 Phrygii,
736 804 879 856 ipsius
901 817 1034 845 manu
1055 805 1282 859 scriptam,
1313 810 1366 846 ut
1384 805 1538 847 titulus
1559 805 1674 846 indi-

217 872 307 918 cat,
356 882 490 922 quam
521 870 576 910 de
626 870 801 912 Graecis
837 874 879 912 et
917 871 1243 925 Trojanismem
1280 872 1385 913 oriae
1421 872 1673 913 mandavit}

218 934 366 986 Quam
396 949 477 990 ego
508 950 679 978 summo
714 950 866 978 amore
893 939 1175 991 complexus,
1210 939 1421 980 continuo
1455 939 1674 980 transtuli.

219 1001 305 1044 Cui
324 1003 432 1045 nihil
455 1004 752 1058 adjiciendum
768 1004 837 1046 vel
860 1004 1187 1046 diminuendam
1207 1004 1474 1046 reformandi
1492 1009 1508 1026 ²
1539 1018 1676 1046 causa

218 1071 394 1123 putavi,
414 1072 612 1126 alioquin
648 1085 748 1113 mea
776 1075 929 1125 posset
948 1071 1102 1114 videri.
1164 1071 1392 1125 Optimum
1421 1085 1522 1126 ergo
1555 1072 1677 1121 duxi,

219 1149 322 1177 vere
342 1141 387 1178 et
408 1137 668 1191 simpliciter
690 1139 954 1193 perscripta,
986 1140 1024 1180 si
1045 1152 1141 1181 eam
1165 1139 1221 1180 ad
1243 1140 1425 1180 verbum
1441 1145 1457 1162 ὃ
1488 1141 1532 1181 111
1554 1140 1677 1181 Lati-

219 1204 405 1245 nitatem
427 1209 782 1255 transverterem,
796 1210 844 1246 ut
862 1205 1057 1257 legentes
1079 1219 1343 1258 cognoscere
1359 1210 1555 1260 possent,
1569 1219 1678 1260 quo-

220 1270 354 1312 modo
383 1270 454 1312 hae
475 1284 543 1312 res
565 1275 703 1324 gestae
725 1276 898 1313 essent:
930 1277 1072 1313 utrum
1109 1274 1247 1326 magis
1282 1286 1387 1315 vera
1417 1274 1680 1322 existiment,

221 1350 323 1390 quae
356 1337 502 1379 Dares
534 1338 754 1391 Phrygius
786 1339 1009 1379 memoriae
1047 1340 1390 1390 commendavit,
1412 1341 1486 1394 qui
1520 1353 1599 1393 per
1635 1339 1681 1380 id

221 1408 400 1458 tempus
431 1405 546 1446 vixit
575 1409 619 1446 et
648 1405 870 1455 militavit,
891 1418 979 1458 quo
1012 1405 1164 1447 Graeci
1198 1407 1421 1460 Trojanos
1453 1420 1680 1460 oppugna-

222 1476 343 1522 rent;
365 1484 421 1512 an
442 1471 637 1513 Homero
656 1471 935 1521 credendum,
955 1472 1029 1525 qui
1051 1478 1155 1526 post
1170 1474 1337 1514 multos
1359 1473 1526 1514 annosb
1547 1477 1680 1514 natus

222 1541 306 1587 est,
329 1552 460 1592 quam
491 1539 651 1580 bellum
682 1539 768 1580 hoc
803 1544 975 1592 gestum
1008 1539 1191 1581 fuisset:
1226 1541 1279 1581 de
1312 1554 1402 1593 qua
1427 1554 1472 1581 re
1496 1541 1681 1582 Athenis

217 1605 438 1666 judicium
459 1605 556 1655 fuit,
580 1619 679 1646 cum
709 1619 793 1659 pro
824 1606 982 1647 insano
997 1611 1011 1628 ⁰
1047 1606 1274 1648 Homerus
1296 1608 1542 1658 haberetur,
1563 1607 1682 1661 quod

227 1671 348 1713 Deos
368 1685 467 1714 cum
487 1673 744 1714 hominibus
766 1673 1052 1725 belligerasse
1073 1674 1331 1729 descripsit.
1362 1675 1449 1716 Sed
1472 1675 1682 1716 hactenus

229 1739 330 1780 ista.
391 1739 523 1781 Nunc
546 1740 602 1781 ad
625 1740 877 1794 pollicitum
895 1746 1182 1783 revertamur.

836 1847 1073 1860 eeeeeeeeeeee

273 1917 288 1946 1
313 1912 436 1953 Delph.
452 1912 553 1953 quid.
572 1913 614 1944 G.
631 1923 657 1945 e.
677 1914 712 1945 T.
728 1924 768 1945 m.
785 1914 1028 1952 commendatur,
1042 1923 1118 1945 cum
1133 1914 1196 1946 hac
1211 1919 1309 1946 nota:
1336 1920 1345 1933 ⁴
1361 1914 1401 1945 Id
1416 1920 1487 1946 est:
1512 1915 1566 1956 qui
1584 1926 1687 1956 super

231 1957 331 1988 rebus
349 1956 480 1987 Graecis
498 1961 534 1986 et
549 1956 704 1996 Trojanis
721 1957 915 1996 posteritati
932 1957 1278 1989 commendatur.’—2
1303 1958 1430 1999 Delph.
1446 1958 1686 2001 reisormandoe,

227 2005 263 2031 et
279 2008 356 2030 mox
372 1998 477 2030 habet
491 2008 555 2030 esse
573 2005 651 2030 ante
663 1999 775 2040 possit.

889 2052 1030 2084 NOTAE

270 2120 285 2136 ²
308 2115 347 2147 Si
361 2125 428 2147 eam
441 2117 481 2147 ad
496 2115 636 2158 verbum]
662 2116 672 2134 ‘
684 2116 768 2147 Eam
782 2115 791 2129 ’
807 2125 929 2157 nempe

1026 2121 1039 2137 ⁰
1062 2117 1113 2148 De
1139 2127 1199 2157 qua
1223 2126 1258 2148 re
1283 2116 1417 2148 Athenis
1434 2117 1590 2155 ‚iudicium
1609 2117 1690 2158 suit,

228 2166 237 2183 ‘
251 2166 424 2197 historiam
435 2165 455 2205 ;'
478 2166 654 2205 superiora
676 2166 749 2205 1113,
771 2166 781 2183 ‘
797 2175 874 2197 vere
894 2170 931 2196 et

984 2177 1054 2198 cum
1083 2177 1140 2208 pro
1176 2168 1300 2208 insano]
1346 2168 1402 2198 Ita
1431 2168 1495 2198 hoc
1524 2168 1689 2208 scriptum

228 2216 430 2257 simpliciter
470 2215 685 2257 perscripta,’
726 2220 805 2248 sunt
841 2216 932 2247 sexti

228 2276 326 2298 casus
341 2276 349 2297 :
374 2265 476 2297 series
493 2269 558 2305 est,
572 2265 736 2306 optimum
749 2265 843 2305 duxi,
856 2275 932 2297 cum

229 2326 271 2348 ea
292 2316 432 2347 111510τί3
458 2325 538 2347 vere
562 2320 597 2347 et
627 2316 829 2356 simpliciter
856 2325 933 2356 per-

231 2368 362 2409 scripta
378 2368 434 2405 sit,
451 2367 478 2398 si
495 2377 569 2399 eam
585 2368 619 2398 in
636 2367 793 2398 Latinum
809 2376 933 2398 sermo-

231 2428 308 2450 nem
325 2422 574 2450 converterem.

273 2468 288 2490 2’
313 2469 377 2505 Qui
391 2472 459 2510 post
477 2468 589 2499 multos
603 2467 715 2509 annos]
747 2467 802 2498 De
829 2470 932 2498 aetate

232 2519 374 2551 Homeri
391 2519 474 2550 mire
489 2522 624 2550 veteres
639 2517 859 2550 dissentiunt.
888 2518 934 2549 Et

231 2579 346 2600 eorum
365 2568 513 2601 omnium
529 2568 706 2609 opiniones
723 2567 866 2604 referre,
883 2568 934 2599 ni-

232 2620 295 2651 mis
310 2621 447 2660 longum
464 2623 566 2650 esset.
599 2619 674 2659 Ego
691 2619 847 2650 existimo
861 2629 934 2650 cer-

233 2669 369 2701 tissimis
385 2669 594 2710 argumentis
611 2669 722 2701 evinci
746 2678 859 2710 posse,
873 2667 934 2700 flo-

170 2764 173 2767 .
233 2720 342 2751 ruisse
369 2720 462 2751 illum
491 2719 583 2752 circa
612 2719 852 2760 Olympiadem
880 2721 932 2750 20.

235 2773 391 2810 tempore
417 2770 506 2809 regis
531 2769 655 2802 Numae
684 2772 760 2801 488.
794 2768 935 2801 circiter

235 2819 332 2850 annis
357 2823 434 2859 post
456 2819 592 2859 Trojam
618 2824 768 2860 captam,
795 2823 831 2850 et
857 2823 935 2850 ante

235 2869 407 2902 Christum
418 2874 535 2901 natum
547 2872 622 2901 693.
634 2873 670 2901 et
682 2870 731 2901 ita
744 2870 822 2900 011111
839 2874 937 2909 pater

235 2928 345 2959 1118115,
371 2919 404 2951 111
428 2919 543 2952 libello
573 2919 719 2960 Gallico,
746 2919 789 2951 de
819 2919 938 2952 PoetIs

240 2970 385 3002 Graecis.

987 2222 1053 2256 est,
1084 2223 1121 2249 ut
1148 2218 1225 2248 inde
1251 2218 1325 2258 quis
1351 2217 1548 2249 existimare
1572 2219 1690 2258 possit,

988 2267 1132 2299 Athenis
1149 2268 1228 2299 oiim
1245 2267 1422 2308 injudicio
1439 2271 1550 2298 actum
1573 2268 1689 2308 fuisse,

989 2318 1154 2349 Daretine
1177 2318 1292 2358 potius
1319 2326 1360 2347 an
1379 2317 1529 2347 Homero
1549 2318 1690 2349 creden-

988 2368 1067 2398 dum
1113 2367 1217 2403 foret,
1254 2366 1370 2407 ibique
1409 2366 1595 2398 Homerum
1629 2378 1689 2408 pro

988 2418 1105 2448 insano
1142 2421 1312 2448 exactum.
1373 2416 1473 2449 Quod
1517 2417 1591 2457 quis
1631 2427 1690 2448 un-

989 2477 1090 2509 quam
1107 2467 1238 2498 audivit
1255 2467 1261 2495 !
1309 2465 1416 2506 Atqui
1440 2475 1507 2496 non
1524 2466 1606 2498 illud
1631 2477 1689 2498 vo-

987 2517 1198 2557 luitiueptus
1215 2515 1387 2556 scriptor;
1421 2515 1481 2546 sed
1505 2515 1588 2547 illud
1614 2521 1689 2548 tan-

989 2572 1072 2606 tum,
1089 2567 1193 2597 fuisse
1211 2566 1288 2597 olim
1307 2565 1463 2605 Athenis,
1488 2566 1545 2606 qui
1564 2566 1692 2599 Home·

989 2628 1061 2650 rum
1082 2618 1224 2649 stultum
1249 2616 1455 2657 judicarent,
1478 2617 1567 2658 quod
1596 2619 1690 2650 Deos

990 2678 1064 2701 cum
1078 2666 1265 2699 hominibus
1284 2671 1474 2707 pugnantes
1490 2667 1666 2700 induceret
1679 2679 1690 2708 ;

989 2723 1024 2750 et
1043 2719 1223 2749 Platonem
1240 2717 1413 2756 intelligit,
1430 2717 1487 2758 qui
1501 2716 1544 2747 de
1561 2717 1689 2749 Home-

989 2779 1027 2801 ro
1038 2770 1187 2810 iniquum
1200 2767 1455 2809 illudjudicium
1470 2769 1560 2800 tulit.
1580 2768 1612 2801 A
1623 2780 1690 2811 quo

991 2821 1047 2852 alii
1063 2820 1185 2851 merito
1208 2818 1447 2850 dissentientes
1472 2818 1694 2862 affirmarunt,

991 2871 1096 2902 solum
1114 2869 1302 2900 Homerum
1326 2872 1386 2899 aut
1407 2868 1532 2901 vidisse
1556 2875 1616 2903 aut
1638 2881 1690 2903 os-

993 2921 1142 2953 tendisse
1157 2918 1281 2950 formas
1297 2918 1460 2951 Deorum.
