1915 3231
610 289 673 319 DE
707 289 865 319 BELLO
897 288 1123 319 TROJANO
1157 290 1251 321 LlB.
1288 292 1328 320 V.
1607 281 1692 321 249

244 384 408 425 factum
439 382 582 423 forma
611 382 811 435 ingenti,z
847 381 975 435 cujus
1007 381 1301 433 magnitudine
1340 381 1452 421 muri
1491 381 1690 423 solvendi

245 453 408 498 essent,
432 449 649 489 annitente
670 452 801 500 atque
823 448 1080 488 administro
1095 453 1107 471 ¹
1139 446 1383 488 Antenore:
1421 448 1521 488 dein
1547 461 1692 489 recor-

244 517 377 558 datus
397 519 618 568 parentem
649 514 873 555 Priamum
903 514 1188 567 residuosque
1217 513 1388 564 fratres,
1418 514 1569 554 fletum
1600 515 1694 554 edit

243 581 555 630 miserabilem,
586 583 980 633 consternatusque
998 584 1043 602 ²³
1074 593 1152 633 per
1173 579 1368 620 dolorem
1390 584 1521 633 atque
1544 581 1694 620 obstu-

239 648 442 703 pefactus
463 648 565 688 ruit.
624 646 740 687 Tum
771 646 965 699 Pyrrhus
995 646 1229 688 collectum
1260 658 1374 696 eum,
1393 646 1690 700 refectumque

244 714 410 765 animi,b
432 714 488 755 ad
510 727 558 755 se
579 713 776 762 deducit,
800 713 1091 766 custodesque
1109 713 1250 763 addit,
1266 713 1426 754 veritus
1442 726 1497 754 ne
1512 726 1600 766 qua
1616 727 1694 766 per

243 795 340 823 eum
364 781 563 822 hostibus
585 793 684 834 quae
704 783 826 833 gesta
847 784 970 820 erant
991 779 1256 832 patefierent.
1337 779 1470 830 Quod
1491 781 1566 821 ubi
1598 781 1692 821 He·

241 850 370 891 lenus
387 847 616 902 persensit,
638 846 854 900 Pyrrhum
873 846 936 886 uti
964 846 1125 886 bonum
1147 847 1342 887 animum
1363 851 1526 899 gereret
1544 846 1694 888 horta-

242 920 325 966 tur,
346 927 543 956 securum
565 913 648 963 sui,
663 917 1021 967 secretorumque
1040 927 1050 955 t
1071 926 1258 968 namque
1279 928 1327 955 se
1349 927 1452 955 cum
1473 927 1539 963 e0,
1563 916 1693 955 etiam

242 986 346 1034 post
384 982 536 1035 patriae
574 980 813 1030 excidium,
842 980 995 1021 multis
1034 981 1373 1034 tempestatibus
1390 987 1405 1004 ⁰
1444 982 1486 1022 in
1517 980 1694 1023 Graecia

242 1052 526 1089 moraturum.
585 1048 758 1102 Itaque,
778 1051 828 1088 ut
849 1046 1022 1087 Heleno
1048 1047 1288 1100 placuerat,
1313 1047 1450 1088 multa
1476 1048 1695 1098 materies,

243 1126 343 1168 quae
366 1119 472 1167 apta
492 1114 739 1168 hujusmodi
761 1113 942 1155 fabricae
964 1113 1207 1164 videbatur,
1229 1127 1307 1167 per
1337 1114 1498 1167 Epium
1512 1111 1529 1135 ἀ
1560 1119 1693 1167 atque

241 1180 434 1233 Ajacem
474 1180 592 1222 Oilei
631 1181 834 1222 advecta.
895 1180 1006 1233 [lO.]
1058 1180 1233 1222 Interim
1275 1181 1512 1222 firmatores
1548 1186 1695 1233 pactae

242 1248 368 1299 pacis
390 1247 446 1288 ad
466 1247 646 1301 Trojam
669 1252 786 1297 eunt,
807 1247 959 1288 decem
981 1247 1088 1288 lecti
1109 1247 1262 1297 duces,
1285 1247 1537 1296 Diomedes,
1561 1246 1695 1299 Ulys-

243 1326 329 1363 ses,
344 1313 624 1364 Idomeneus,
639 1314 759 1368 Ajax
769 1313 1069 1362 Telamonius,
1082 1313 1260 1362 Nestor,
1275 1313 1510 1362 Meriones,
1526 1312 1695 1363 Thoas,

243 1379 508 1430 Philocteta,
531 1380 870 1434 Neoptolemus,
890 1385 1024 1433 atque
1045 1379 1280 1421 Eumelus:
1304 1392 1415 1432 quos
1435 1380 1510 1419 ubi
1531 1379 1575 1419 in
1597 1380 1693 1420 foro

244 1446 590 1489 animadvertere
622 1447 875 1501 populareS‚
912 1446 1006 1488 laeti
1038 1447 1208 1487 animos
1240 1446 1410 1494 tollunt,
1444 1445 1574 1485 finem
1598 1445 1695 1500 jam

864 1574 1101 1587 eeeeeeeeee

243 1671 299 1702 que
316 1665 391 1703 post
403 1665 571 1702 μείω-9
595 1661 717 1703 Delph.
734 1665 902 1695 antem—1
930 1662 1059 1703 Delph.
1074 1661 1295 1693 ministra—2
1322 1660 1504 1692 Omittitur
1520 1660 1552 1690 in
1572 1660 1697 1700 Delph.

902 1792 1042 1825 NOTAE

285 1881 298 1896 2
322 1875 445 1916 Equum
459 1873 544 1914 ligno
552 1874 763 1914 fabrefactum
768 1875 876 1914 forma
891 1876 940 1908 in-

239 1924 345 1966 genti]
367 1925 462 1964 Virg.
488 1933 527 1956 11.
552 1924 626 1956 AEn.
660 1925 797 1957 ‘Instar
820 1927 941 1957 montis

242 1984 378 2016 equum,
401 1974 516 2005 divina
542 1974 687 2005 Palladis
710 1979 797 2014 arte,
822 1975 939 2007 AEdifi-

244 2030 336 2064 cant,
361 2028 524 2065 sectaque
550 2024 710 2056 intexunt
730 2025 843 2056 abiete
866 2036 939 2057 cos-

244 2074 322 2106 tas.’
365 2073 433 2105 Ubi
455 2073 613 2104 Servius:
643 2075 704 2105 ‘ut
730 2074 887 2115 Hyginus
907 2081 943 2107 et

241 2124 381 2156 Tubero
403 2123 530 2159 dicunt.
553 2124 855 2156 machinamentum
873 2126 943 2156 bel-

242 2173 346 2205 licum
360 2173 437 2210 fuit,
449 2172 537 2214 quod
553 2182 660 2214 equus
674 2175 867 2215 appellatur
880 2186 890 2214 ;
906 2180 944 2207 ut

244 2223 332 2254 aries
348 2226 383 2254 et
398 2222 545 2262 testudo,
560 2223 680 2264 quibus
697 2225 783 2256 inuri
807 2226 860 2257 vel
876 2226 944 2257 dis-

243 2273 328 2309 cuti,
355 2273 408 2303 vel
437 2272 554 2304 subrui
582 2274 705 2306 solent.
751 2276 850 2307 Unde
876 2282 942 2317 est,

242 2330 250 2341 ⁸
262 2326 322 2354 aut
335 2322 411 2354 haec
426 2322 459 2353 in
472 2328 605 2354 nostros
620 2322 789 2357 fabricata
805 2330 857 2357 est
872 2336 941 2357 ma·

244 2374 344 2405 china
369 2372 504 2405 muros.'
550 2374 599 2405 Ut
624 2375 694 2415 alii,
713 2380 825 2416 porta,
841 2386 940 2417 quam

243 2423 292 2455 eis
318 2423 475 2454 Antenor
498 2423 645 2463 apernit,
669 2434 793 2465 equum
823 2425 942 2457 habuit

243 2473 393 2514 pictum:
434 2472 600 2511 nonnulli,
626 2473 756 2513 signum
781 2475 860 2515 equi
882 2475 940 2505 da-

241 2527 325 2563 tum,
355 2528 393 2553 ut
421 2523 696 2553 internoscerent
727 2524 841 2554 Graeci
866 2534 943 2555 snos

243 2572 298 2602 vel
333 2571 458 2603 hostes.
503 2570 532 2601 Α
564 2571 765 2612 quibusdam
803 2573 942 2609 dicitur,

243 2619 336 2652 facta
360 2622 551 2663 proditione
577 2622 779 2662 praedictum
802 2632 843 2654 ne
867 2623 940 2664 quis

243 2679 299 2700 eas
322 2671 438 2702 domos
462 2670 618 2710 violaret,
634 2680 774 2712 quarum
791 2678 869 2703 ante
886 2673 940 2713 ja-

245 2728 345 2750 nuam
362 2730 468 2760 equus
492 2725 582 2751 esset
598 2722 776 2762 depictus3
801 2722 890 2754 unde
906 2727 942 2753 et

246 2767 428 2799 Antenoris
444 2775 479 2800 et
496 2775 687 2800 ceterorum
704 2771 828 2810 agnitae
853 2776 941 2802 sunt.

248 2815 331 2858 Aut,
354 2818 433 2860 quia
455 2818 606 2860 equestri
630 2819 748 2860 praelio
776 2820 866 2852 victa
888 2824 942 2852 est

993 1877 1107 1918 Troja.
1154 1876 1238 1913 Aut,
1266 1886 1285 1906 a
1308 1879 1422 1907 monte
1451 1874 1594 1915 Hippio,
1620 1881 1698 1915 post

993 1937 1093 1968 quem
1111 1936 1146 1958 se
1163 1926 1413 1958 absconderant
1431 1925 1544 1957 Graeci
1561 1935 1568 1955 :
1607 1924 1696 1955 unde

993 1982 1027 2009 et
1044 1977 1165 2009 alludit
1181 1982 1189 1995 ‘
1202 1978 1307 2008 instar
1321 1975 1442 2006 montis
1459 1974 1603 2015 equum!
1627 1974 1699 2005 Aut

998 2037 1118 2058 revera
1132 2027 1196 2058 hoc
1212 2025 1288 2065 fuit,
1304 2026 1392 2067 quod
1409 2025 1570 2065 Virgilius
1588 2025 1699 2064 sequi-

998 2076 1076 2109 tur!
1120 2077 1304 2116 Vulgatam
1329 2075 1525 2115 opinionem
1550 2074 1592 2104 de
1610 2083 1697 2114 equo

998 2126 1208 2168 aliquantum
1239 2125 1418 2156 immutare
1450 2123 1554 2154 voluit
1590 2122 1698 2153 Palae-

998 2176 1142 2217 pliatus;
1166 2175 1226 2206 sed
1242 2174 1364 2213 frigide
1382 2182 1461 2204 sane
1478 2176 1513 2203 et
1529 2173 1658 2212 inepte.

1040 2230 1055 2246 a
1079 2222 1318 2263 Consternatus]
1335 2224 1511 2263 Legerem,
1526 2222 1535 2239 ‘
1549 2227 1699 2254 conster-

992 2274 1185 2317 natusque.'

1036 2326 1050 2347 b
1075 2325 1295 2364 Refectumque
1307 2323 1420 2363 animi]
1438 2323 1563 2354 Graeca
1577 2322 1697 2363 forma,

995 2375 1238 2407 subintellecta
1277 2374 1410 2404 scilicet
1455 2373 1696 2414 praepositione

996 2425 1044 2464 ἐκ,
1062 2433 1137 2465 quae
1156 2422 1341 2463 genitivum
1357 2421 1504 2453 asciscit.
1549 2422 1614 2452 Vel
1638 2431 1696 2461 po-

997 2474 1077 2512 tius,
1107 2477 1145 2504 ut
1172 2472 1301 2512 optime
1329 2471 1502 2510 Sanctius,
1524 2470 1695 2502 ‘refectus

997 2521 1125 2561 animi‚’
1150 2521 1271 2562 supple
1295 2518 1466 2559 ‘niente3’
1502 2530 1569 2561 quo
1596 2520 1696 2552 modo

998 2571 1087 2612 apud
1105 2572 1242 2603 Lucret.
1261 2580 1307 2601 v1.
1341 2571 1350 2588 ‘
1365 2569 1574 2602 Perturbata
1593 2571 1696 2602 animi

995 2631 1090 2653 mens
1107 2621 1141 2652 in
1158 2629 1302 2651 moerore
1317 2619 1500 2661 metuque!

1038 2676 1052 2692 0
1075 2670 1190 2701 Multis
1204 2670 1451 2712 tempestatibus]
1483 2669 1565 2709 Pro,
1586 2670 1694 2701 multo

995 2724 1162 2761 tempore.

1037 2770 1053 2790 d
1075 2770 1141 2801 Per
1157 2768 1290 2810 Epium]
1311 2768 1434 2812 Vir-gil.
1456 2769 1524 2802 ‘Et
1541 2770 1614 2811 ipse
1627 2769 1695 2802 doli

996 2818 1182 2852 fabricator
1197 2818 1337 2861 Epeus.'
