1915 3231
278 248 334 290 58
619 258 722 289 JAG.
756 258 1011 289 Pssmzoun
1049 257 1376 290 nissERrArro

280 357 460 398 aliorum
483 362 731 408 auctorum,
752 362 798 399 et
816 357 887 399 his
920 357 1033 412 ipsis
1059 357 1261 399 Sallustii
1292 357 1423 406 locis,
1446 359 1459 377 ‘
1477 355 1595 398 sors'
1615 357 1719 399 olim

278 423 394 464 male
413 424 557 466 suerat
576 425 756 474 editum,
777 429 824 467 at
844 438 900 466 ex
933 424 1070 466 Mstis
1099 428 1111 446 ‘
1126 425 1216 465 fors
1236 423 1248 440 ’
1277 424 1543 466 restitutum.
1601 423 1720 465 Vide

279 496 325 531 et
347 490 620 533 Gronovium
640 492 817 533 Patrem
837 493 892 533 ad
915 492 1090 534 Livium
1113 503 1145 531 1.
1166 492 1209 532 9.

337 569 392 598 11.
412 558 483 600 47.
515 561 527 579 ‘
540 558 721 611 Trojani
740 572 794 599 ex
817 559 951 599 muris
969 557 1299 612 respectantes?
1334 556 1508 606 Mirum,
1521 556 1564 597 ni
1581 557 1721 610 scrip-

278 624 383 665 serit
402 624 773 679 ‘despectanteS,’
802 625 872 666 hic
894 639 1024 678 aeque
1056 638 1110 666 ac
1134 637 1204 665 ιιι.
1224 625 1295 666 13.
1326 627 1337 647 ‘
1356 623 1447 674 Qui
1476 624 1612 664 muris
1644 623 1721 664 de-

277 693 542 744 spectanteS,
566 695 800 744 postquam
830 697 1014 732 nostros
1034 696 1214 745 paratos
1235 690 1400 744 proelio
1421 688 1602 730 vident:
1661 688 1722 730 Et

277 769 318 798 c.
338 756 407 798 20.
439 760 452 778 ‘
469 757 580 798 Cum
609 770 744 811 super
769 771 941 799 murum
971 759 1280 812 despectantes
1313 757 1510 811 Trojani‚
1538 756 1722 798 comita-

278 828 368 863 tum
389 824 504 876 regis
525 824 667 864 oculis
687 825 1074 879 prosequerentur?
1133 826 1203 866 Ita
1222 838 1324 866 vero
1345 830 1390 866 et
1410 824 1510 865 Liv.
1531 833 1718 865 xxxvl.

274 889 346 930 25.
377 893 389 911 ‘
405 889 646 942 Regionem
676 904 729 932 ea
759 893 950 933 maxime
979 892 1210 946 despectat
1231 891 1462 946 oppidum,
1483 903 1571 944 qua
1589 890 1720 931 breve

274 956 550 997 intervallum
569 957 757 1006 videtur,
782 963 826 1000 et
856 959 1008 1000 omnia
1028 960 1073 1000 in
1093 963 1337 1013 conspectu
1359 956 1492 999 sunt?

334 1032 409 1062 ιιι.
439 1022 479 1062 1.
510 1023 600 1064 ‘At
630 1024 813 1077 Trojani
849 1038 951 1066 cum
989 1026 1282 1066 auxiliaribus
1316 1025 1511 1066 laxiores
1549 1023 1718 1073 militia,

272 1100 416 1140 neque
447 1089 564 1130 circa
588 1091 847 1131 exercitium
870 1092 1044 1139 soliciti,
1059 1092 1292 1132 socordius
1312 1090 1508 1144 agitare!
1540 1089 1720 1131 Certum

272 1153 382 1194 mihi
420 1159 492 1195 est
520 1156 751 1209 scripsisse
782 1158 1062 1211 Septimium,
1095 1159 1295 1199 ‘laxiore
1316 1156 1502 1198 militia?
1561 1156 1720 1198 Solent

272 1220 386 1260 enim
422 1221 482 1261 ita
504 1220 714 1273 Veteres,
734 1227 779 1265 et
806 1224 1000 1266 maxime
1036 1225 1273 1266 Sallustius
1304 1229 1350 1265 et
1381 1223 1583 1265 Tacitus.
1612 1222 1723 1264 Sall.

271 1286 303 1326 J
306 1300 376 1339 ug.
396 1287 467 1328 25.
498 1290 510 1307 ‘
525 1287 749 1340 Legantur
777 1290 824 1330 in
843 1288 1043 1332 Africam
1063 1290 1255 1344 majores
1271 1295 1391 1342 natu,
1411 1290 1606 1341 nobiles,
1627 1302 1720 1331 am-

270 1352 360 1406 plis
380 1353 622 1394 honoribus
636 1354 662 1405 ;'
683 1356 758 1396 ubi
771 1359 921 1398 contra
936 1357 1084 1398 Mstos
1102 1357 1358 1399 addiderant
1374 1357 1577 1399 Editores
1599 1355 1719 1398 ‘usit

269 1419 343 1460 61.
375 1423 386 1440 ‘
410 1419 564 1461 Facile
587 1421 815 1464 Numidiae
847 1423 1098 1477 persuadet,
1120 1437 1222 1465 cum
1249 1424 1425 1476 ingenio
1445 1422 1611 1473 infido,’
1631 1423 1719 1464 sci-

268 1485 373 1527 licet
400 1485 584 1536 homini,
620 1491 737 1529 ‘tum
772 1490 1004 1539 metuenti,
1034 1489 1123 1539 ne‚'
1154 1492 1232 1531 &a
1264 1490 1334 1531 63.
1365 1493 1378 1512 ‘
1396 1489 1558 1532 Novus
1587 1501 1718 1531 nemo

270 1556 361 1593 tam
382 1553 543 1604 clarus,
564 1568 706 1608 neque
738 1558 828 1597 tam
865 1557 1051 1609 egregiis
1085 1557 1212 1598 factis
1248 1557 1368 1598 erat?
1395 1558 1467 1599 94.
1489 1556 1717 1611 ‘Cupidus

269 1619 560 1673 voluptatum,
581 1622 660 1662 sed
680 1622 828 1675 gloriae
859 1623 1078 1676 cupidior,
1107 1623 1199 1664 otio
1229 1623 1461 1665 luxurioso
1494 1621 1716 1664 esse.'1v.

271 1686 394 1729 Hist.
415 1691 427 1709 ‘
445 1688 645 1742 Regnum
662 1689 859 1731 Persidis
878 1690 1052 1744 inclytis
1074 1689 1266 1741 divitiis:
1280 1690 1399 1745 quod
1414 1691 1528 1732 male
1548 1693 1717 1732 mutant

270 1752 469 1796 Faernus
505 1755 623 1809 apud
664 1754 966 1807 Ciacconium,
996 1761 1041 1797 et
1080 1757 1255 1807 Douza,
1277 1757 1319 1797 in
1351 1756 1617 1811 ‘inclytum'
1646 1757 1715 1797 vel

269 1822 282 1840 ‘
303 1820 512 1874 inclytae-²
570 1821 661 1862 Sed
697 1827 743 1863 et
780 1822 888 1863 nihil
926 1823 1183 1863 mutandum
1224 1823 1268 1864 in
1308 1823 1417 1865 Tac.
1459 1822 1579 1864 Hist.
1603 1833 1635 1864 1.
1670 1822 1715 1863 8.

267 1889 281 1909 ‘
302 1885 486 1928 Cluvius
505 1888 570 1929 vir
599 1888 834 1939 facundus,
854 1894 899 1930 et
930 1890 1058 1942 pacis
1090 1890 1272 1940 artibus,
1293 1889 1398 1931 belli
1426 1889 1715 1943 inexpertus!

268 1952 360 1994 Ubi
395 1966 537 2006 neque
558 1955 778 1996 subaudio
804 1959 818 1977 ‘
835 1961 1045 2010 expertus
1063 1956 1074 1973 '
1104 1970 1202 1997 curn
1225 1956 1460 2005 Rhenano,
1478 1969 1617 2010 neque
1636 1956 1714 1997 ad-

267 2019 449 2060 diderim
473 2023 486 2041 ‘
501 2021 645 2062 clarus
658 2021 669 2036 '
691 2035 789 2063 cum
811 2022 983 2064 Faerno
1003 2028 1051 2064 et
1071 2023 1252 2071 Ursino,
1268 2035 1407 2076 neque
1426 2022 1582 2063 deesse
1604 2022 1713 2075 quid

265 2090 375 2139 puto
410 2099 510 2127 cum
551 2087 737 2137 Murem,
772 2089 849 2129 sed
888 2101 1078 2143 expono,
1100 2089 1228 2129 homo
1259 2090 1418 2130 artium
1455 2088 1598 2141 pacis,
1632 2101 1712 2129 seu

266 2152 395 2205 cujus
416 2158 534 2193 artes
556 2158 677 2195 erant
695 2162 809 2195 artes
829 2155 965 2208 pacis.
1024 2155 1092 2195 Ita
1112 2155 1228 2195 idem
1258 2166 1310 2195 11.
1330 2155 1371 2196 3.
1401 2157 1415 2179 ‘
1429 2155 1712 2196 simulacrum

267 2222 396 2269 Deae,
420 2232 511 2260 non
540 2220 676 2273 effigie
705 2221 914 2272 humana,
944 2222 1178 2263 continuus
1198 2221 1346 2262 orbis-²
1403 2221 1521 2262 Vide
1540 2225 1584 2263 et
1604 2220 1712 2262 Gel-

264 2286 373 2326 lium
391 2297 433 2327 V.
454 2285 496 2327 8.
555 2286 617 2327 Ut
637 2300 743 2329 vero
763 2287 836 2329 hic
857 2289 1058 2330 ‘laxiore
1086 2287 1275 2338 militia,'
1295 2288 1362 2328 sic
1395 2286 1596 2328 ‘laxiore
1630 2289 1711 2329 im-

263 2352 390 2405 perio
419 2353 578 2393 habere
594 2353 783 2403 milites‚'
802 2367 876 2409 ap.
897 2356 1008 2397 Sall.
1030 2355 1060 2396 J
1063 2369 1133 2408 ug.
1153 2355 1224 2396 64.

323 2429 397 2459 ιιι.
426 2420 469 2459 5.
509 2421 523 2440 ‘
542 2417 612 2460 Ac
630 2433 740 2461 mox
758 2422 936 2474 cognito
956 2435 1035 2476 per
1055 2422 1312 2463 universum
1331 2419 1574 2461 exercitum
1594 2433 1709 2473 prae-

261 2483 369 2525 lium
390 2485 433 2525 in
455 2497 509 2525 ea
528 2490 666 2538 parte,
683 2487 840 2541 reliqui
860 2488 994 2530 duces
1014 2488 1269 2535 confirmati,
1290 2487 1368 2528 ubi
1390 2486 1578 2539 quisque
1596 2500 1707 2540 pug-

262 2556 458 2599 naverat,
475 2551 669 2604 undique
684 2565 737 2594 eo
753 2555 1000 2597 confluunt.'
1030 2555 1106 2596 Sic
1126 2553 1266 2595 edidit
1278 2552 1496 2605 Ampliss.
1513 2552 1708 2594 Obrech-

262 2620 360 2658 tus:
392 2617 436 2657 in
457 2617 559 2658 aliis
581 2618 696 2660 Edd.
716 2620 875 2673 legitur
896 2624 909 2642 ‘
923 2620 1109 2675 praelio?
1140 2618 1274 2670 Quod
1296 2619 1334 2659 si
1354 2617 1463 2659 illud
1483 2630 1540 2658 ex
1556 2618 1706 2669 Mstis,

264 2683 360 2722 sive
378 2695 404 2723 a
426 2682 639 2734 Meroero,
668 2685 763 2726 sive
793 2688 849 2728 ab
872 2687 1104 2737 Obrechto,
1136 2689 1202 2727 est
1231 2685 1452 2735 haustum,
1480 2683 1552 2739 (ut
1571 2697 1706 2737 augu-

264 2760 335 2788 ror
356 2762 366 2799 ;
397 2754 516 2790 certe
537 2751 652 2792 enim
678 2751 903 2796 Mercerus
932 2754 1098 2804 scribit,
1120 2752 1276 2794 multas
1298 2763 1346 2792 se
1368 2751 1560 2803 mendas,
1580 2751 1706 2793 codi-
