1915 3231
577 400 639 430 DE
674 400 842 431 exem.
873 400 1040 432 TROJAE
1073 400 1269 431 Hisron.
1554 390 1631 433 321

195 493 311 534 dies³
334 496 561 546 pugnatur.
592 493 724 534 Multi
745 494 881 536 duces
899 494 1130 536 fortissimi
1152 493 1253 534 hinc
1275 496 1318 533 et
1339 492 1441 533 inde
1463 494 1638 544 cadunt,

194 559 369 613 plurimi
389 559 684 608 vulnerantur,
705 559 879 612 plurimi
902 561 943 601 in
965 560 1190 600 curatione
1207 559 1462 599 moriuntur.
1522 558 1640 612 Aga-

195 637 399 665 memnon
430 625 563 665 mittit
592 625 649 666 ad
682 627 905 666 Priamum
935 627 1121 678 legatos,
1156 628 1206 665 ut
1235 624 1435 666 inducias
1465 625 1642 677 triginta

194 690 361 731 dierum
388 692 627 744 postulent,
660 695 709 732 ut
743 692 939 733 funerare
976 697 1173 732 mortuos
1214 692 1376 744 possit.
1438 692 1642 732 Priamus

195 758 396 798 consulto
418 757 541 807 facit,
573 759 822 812 annuitque.
883 758 993 812 [24]
1024 757 1085 799 At
1106 759 1178 798 ubi
1197 763 1370 810 tempus
1391 771 1548 812 pugnae
1569 771 1642 799 su-

195 823 423 877 pervenit;
454 823 768 866 Andromacha
789 838 904 866 uxor
925 825 1140 866 Hectoris
1162 825 1204 866 in
1236 825 1400 866 somnis
1429 825 1555 874 vidit,
1587 838 1642 865 ne

197 890 370 931 Hector
389 891 433 931 in
454 904 644 946 pugnam
667 892 956 945 procederet:
987 896 1033 933 et
1064 905 1164 932 cum
1195 891 1252 932 ad
1283 905 1379 932 eum
1406 891 1554 932 visum
1576 905 1644 933 re-

193 957 338 1008 ferret,
361 957 531 999 Hector
560 958 789 999 muliebria
809 959 944 999 verba
966 959 1141 1000 abicit*
1200 956 1514 999 Andromacha
1535 972 1644 1001 moe-

195 1028 268 1065 sta
289 1024 345 1065 ad
374 1024 597 1065 Priamum
619 1023 753 1073 misit,
775 1028 823 1064 ut
843 1024 907 1064 illi
928 1025 1155 1078 prohibeat
1174 1037 1229 1065 ne
1248 1038 1304 1065 ea
1324 1025 1396 1066 die
1417 1031 1644 1078 pugnaret.

195 1090 398 1132 Priamus
414 1091 647 1140 Helenum,
664 1090 964 1132 Alexandrum
970 1092 1208 1142 ,Troilum‚
1223 1092 1428 1142 AEneam‚
1439 1099 1480 1132 et
1501 1093 1645 1134 Mem-

196 1170 347 1199 nonem
376 1157 505 1211 jubet
534 1159 716 1208 accersi,
750 1163 799 1199 ut
820 1159 884 1199 illi
912 1160 955 1199 in
977 1172 1168 1212 pugnam
1188 1159 1440 1212 prodirent:
1472 1160 1514 1200 in
1536 1173 1645 1213 pug-

197 1237 298 1265 nam
338 1224 473 1265 misit.
534 1224 706 1265 Hector
738 1229 783 1266 ut
815 1225 901 1265 ista
942 1225 1164 1278 cognovit,
1200 1225 1382 1266 multum
1415 1226 1646 1280 increpans

198 1291 570 1341 Andromacham,
592 1304 713 1332 arma
736 1296 782 1333 ut
803 1293 1012 1345 proferret
1028 1293 1250 1345 poposcit,
1268 1305 1347 1333 nec
1360 1292 1536 1333 retineri
1555 1292 1646 1333 ullo

197 1358 330 1399 modo
351 1358 512 1411 potuit.
572 1358 741 1399 Moesta
764 1356 1075 1399 Andromacha
1095 1359 1343 1399 summissis
1365 1358 1541 1411 capillis
1560 1357 1647 1399 As-

198 1428 444 1478 tyanactem
481 1425 616 1466 filium
653 1422 948 1478 protendensd
987 1427 1088 1465 ante
1126 1425 1261 1478 pedes
1302 1425 1510 1465 Hectoris
1547 1439 1646 1465 eum

198 1504 406 1533 revocare
429 1505 517 1532 non
534 1492 690 1546 potuit.
749 1491 878 1532 Tunc
899 1492 1080 1544 planctu
1100 1490 1288 1531 femineo
1309 1491 1522 1544 oppidum
1544 1505 1647 1532 con-

199 1559 323 1609 citat,
353 1558 408 1600 ad
439 1559 666 1599 Priamum
697 1558 742 1598 in
770 1558 931 1610 regiam
953 1558 1103 1607 currit,
1133 1557 1260 1598 refert
1281 1558 1387 1610 quid
1410 1559 1453 1598 in
1480 1559 1647 1598 somnis

197 1625 367 1675 viderit,
403 1628 446 1666 et
484 1624 725 1673 Hectorem
759 1624 872 1665 velle
905 1624 947 1663 in
980 1637 1165 1677 pugnam
1199 1624 1388 1677 prodire,
1412 1637 1494 1664 nec
1515 1637 1647 1677 posse

197 1690 396 1745 projecto
431 1691 487 1732 ad
522 1703 665 1744 genua
699 1690 789 1731 filio
826 1702 907 1730 suo
937 1690 1145 1730 revocari.
1206 1690 1411 1730 Priamus
1432 1703 1582 1730 omnes
1603 1691 1646 1730 in

197 1770 388 1811 pugnam
410 1757 584 1811 prodire
596 1757 745 1811 jussit,
767 1759 811 1797 et
829 1755 1065 1797 Hectorem
1080 1756 1270 1797 retinuit.
1330 1755 1645 1808 Agamemnon⁴

200 1824 458 1875 Diomedes,
480 1823 691 1873 Achilles,
712 1821 832 1876 Ajax
851 1822 1041 1870 Locrus,
1061 1826 1107 1863 ut
1129 1822 1274 1863 videre
1297 1822 1541 1864 Hectorem
1562 1836 1647 1864 non

197 1890 415 1944 prodisse,
431 1890 590 1932 acriter
608 1892 920 1943 pugnaverunt,
934 1889 1186 1942 multosque
1205 1889 1340 1929 duces
1355 1888 1648 1942 Trojanorum

198 1957 470 2000 occiderunt.
532 1958 716 2007 Hector,
735 1959 784 1997 ut
807 1956 977 1998 audivit
999 1957 1231 1998 tumultum
1254 1957 1297 1996 in
1319 1956 1455 2005 bello,
1486 1961 1532 1997 et
1554 1957 1648 1996 sine

198 2024 488 2082 serTrojanos
508 2026 725 2074 laborare,
746 2024 940 2077 prosiliit
967 2023 1011 2064 in
1033 2024 1211 2064 bellum.
1271 2023 1520 2076 Statimque
1545 2023 1649 2063 Eio-

199 2104 325 2133 neum
365 2093 630 2143 obtruncat,e
671 2092 904 2146 Iphinoum
944 2088 1136 2131 sauciatf
1175 2090 1414 2131 Leonteum
1450 2089 1650 2140 occidit,g

807 2207 1040 2220 “oeten-9000

243 2275 262 2304 3
286 2273 390 2306 Duces
416 2274 605 2317 Delph.—*
627 2273 747 2314 Ahjicit
765 2274 891 2316 Delph.

858 2368 1000 2402 NOTAE

242 2430 258 2452 ‘¹
273 2432 607 2474 Astyanactemfilium
616 2432 813 2474 protendens]
830 2433 898 2464 Hie
952 2431 1045 2464 tione
1058 2431 1217 2473 Trojana,
1231 2430 1355 2462 nullius
1372 2431 1491 2463 Eionei
1513 2440 1648 2473 usquam

199 2481 314 2512 Dares
331 2482 517 2522 conjungit,
531 2492 607 2523 quae
632 2483 802 2514 Homerus
824 2492 898 2514 nar·
951 2481 1158 2512 mentionem
1190 2481 1292 2512 ullam
1327 2479 1455 2512 factam
1486 2481 1651 2512 invenias.

200 2531 290 2562 ravit
318 2531 358 2561 11.
379 2534 420 2562 Χ.
444 2535 480 2562 et
506 2532 541 2562 in
563 2531 601 2562 iis
627 2531 730 2563 etiam
745 2531 898 2572 quaedam
953 2531 1032 2562 Fuit
1061 2530 1198 2571 quidem
1230 2530 1378 2561 Eioneus
1408 2530 1510 2562 Rhesi
1540 2535 1652 2572 pater,

199 2579 366 2612 immutat.
410 2579 580 2612 Homerus
595 2581 698 2621 enim,
714 2581 756 2612 11.
771 2584 805 2612 z.
829 2580 900 2612 An-
954 2580 1012 2611 sed
1030 2580 1057 2611 is
1072 2579 1180 2620 Trojae
1196 2589 1262 2610 non
1279 2578 1396 2618 affuit3
1429 2585 1464 2610 et
1488 2580 1514 2609 si
1537 2578 1650 2610 affuis-

202 2627 418 2660 dromacham
435 2629 579 2669 inducit,
593 2639 668 2660 cum
682 2631 822 2670 parvulo
837 2629 899 2661 As·
953 2635 1018 2671 set,
1044 2629 1267 2670 Trojanorum
1297 2634 1413 2670 partes
1440 2634 1579 2661 secun-ns
1599 2639 1649 2661 es-

202 2680 362 2717 tyanacte
377 2678 566 2709 Hectorem
581 2678 838 2719 deprecantem,
855 2688 897 2710 ne
952 2683 1015 2711 set.

202 2726 238 2757 in
254 2736 398 2767 pugnam
416 2728 579 2768 prodiret.
612 2729 670 2768 Et,
685 2729 727 2761 11.
742 2733 781 2761 X.
801 2729 897 2760 Pria·
994 2728 1007 2750 f
1025 2729 1188 2770 Iphinoum
1203 2728 1339 2770 sauciat]
1371 2729 1439 2762 Sed
1461 2730 1647 2761 nomez-mr.

201 2785 294 2807 mum
310 2777 555 2820 Hecubamque
570 2779 751 2820 prohibere
768 2780 897 2811 Hecto·
952 2789 1027 2811 eum
1043 2789 1063 2810 a
1079 2780 1211 2811 Glauco
1228 2780 1375 2811 occisum
1391 2779 1490 2820 dicit,
1504 2780 1573 2821 ipso
1593 2781 1651 2811 ini-

203 2834 274 2856 rem
298 2828 502 2866 annitentes,
527 2838 570 2860 ne
594 2834 714 2861 contra
730 2830 898 2861 Achillem
952 2829 1002 2861 tio
1019 2829 1060 2860 11.
1076 2833 1115 2861 H.

204 2876 420 2916 procederet.
995 2885 1011 2907 g
1047 2879 1216 2910 Leonteum
1244 2878 1372 2920 occidit]
1418 2880 1470 2911 Ex
1500 2880 1649 2911 Homero

245 2929 260 2945 θ
282 2925 431 2957 Eioneum
446 2927 624 2968 obtruncat]
648 2928 695 2960 At
711 2930 743 2960 in
760 2928 900 2969 expedi·
954 2928 1075 2960 salsum
1110 2934 1189 2968 est3
1226 2929 1296 2971 qui,
1325 2935 1403 2970 post
1429 2930 1647 2962 interemtam

286 2978 405 3020 Delph.
419 2983 449 3012 et
470 2980 545 3012 Var.
563 2982 647 3012 Clas.
823 2983 916 3013 Dict.
936 2983 1019 3014 Cret.
1036 2984 1087 3022 &a
1535 2984 1563 3013 f<
