1915 3231
561 309 624 339 nn
657 308 815 339 senno
848 308 1074 339 TROJANO
1109 310 1204 340 ΜΒ.
1236 310 1285 339 ιῑ,
1553 297 1628 339 171

186 399 373 453 imperia
392 405 417 422 ¹¹¹
449 399 609 442 ducum
641 402 988 454 exequentibus3
1019 406 1189 449 contra,
1226 402 1320 441 sine
1349 399 1482 440 modo
1504 404 1636 453 atque

188 466 342 507 ordine
362 468 564 508 barbaris
582 469 822 508 ruentibus.
882 467 1088 508 Ceterum
1108 468 1151 507 in
1178 480 1231 508 ea
1260 479 1406 520 pugna
1425 467 1637 507 interfecti

186 533 418 586 utriusque
449 534 590 587 partis
621 534 746 574 multi
783 533 1017 585 mortales3
1066 546 1167 574 cum
1200 545 1339 586 neque
1372 532 1636 573 instantibus

187 599 428 651 cederetur,
459 603 502 641 et
523 601 730 654 exemplo
751 600 1043 642 strenuissimi
1064 600 1280 653 cujusque
1300 599 1374 652 qui
1403 598 1536 652 juxta
1555 602 1638 639 ste-

184 669 309 715 terat,
349 668 620 720 aequiparare
655 667 836 719 gloriam
877 668 1140 708 festinaret.¹¹
1198 666 1382 707 Interim
1423 665 1637 706 vulnerati

186 733 371 786 graviter
389 746 446 774 ex
464 733 664 783 ducibus,
684 734 796 774 bello
817 733 1025 775 decedere
1043 733 1189 774 coacti
1209 736 1325 781 sunt,
1338 732 1637 780 barbarorum,

186 800 367 850 AEneas,
409 799 655 853 Sarpedon,
695 799 910 851 Glaucus,
944 799 1162 848 Helenus,
1195 799 1472 852 Euphorbus,
1504 798 1636 852 Poly-

187 865 363 917 damas3
395 872 656 917 nostrorum,
673 865 879 920 Ulysses,
902 865 1140 916 Meriones,
1156 865 1382 906 Eumelus.
1425 863 1533 919 [39]
1557 864 1638 906 Ce-

189 938 327 973 terum
370 932 604 974 Menelaus
649 933 761 974 forte
801 933 1089 987 conspicatus
1129 931 1450 981 Alexandrum,
1479 944 1637 984 magno

186 999 354 1053 impetu
375 1000 488 1041 ruit:
520 1014 651 1054 quem
670 1001 855 1051 evitans,
882 1014 1023 1054 neque
1055 1000 1222 1042 diutius
1253 1001 1465 1041 sustinere
1500 1011 1636 1039 ausus

186 1066 458 1117 Alexander,
476 1067 620 1120 fugam
642 1068 780 1120 capit.
842 1066 905 1108 At
925 1068 1000 1108 ubi
1020 1068 1173 1121 procul
1192 1066 1494 1108 animadvertit
1517 1065 1637 1105 Hec-

188 1138 270 1182 tor,
307 1146 567 1175 concurrens
600 1148 701 1176 cum
732 1135 982 1188 Deiphobo,
1017 1133 1412 1188 comprehendere⁰
1449 1133 1636 1181 fratrem,

190 1211 380 1252 eumque
412 1201 561 1242 verbis
596 1201 963 1254 maledictisque4
1009 1202 1277 1243 acrioribusp
1339 1200 1540 1248 insecuti,
1580 1200 1635 1239 ad

188 1271 459 1320 postremum
483 1273 660 1320 cogunt,
692 1274 742 1309 ut
764 1281 1023 1321 progressus
1046 1269 1089 1309 in
1112 1267 1278 1308 medias
1300 1267 1432 1314 acies,
1454 1265 1636 1306 eundem

189 1331 442 1375 Menelaum
478 1336 887 1388 conquiescentibus
924 1336 1119 1389 reliquis,
1167 1335 1366 1375 solitario
1403 1333 1637 1373 certamine

188 1400 444 1442 lacesseret.
505 1401 641 1454 Igitur
661 1402 846 1443 reducto
878 1402 933 1442 ad
955 1402 1114 1443 bellum
1137 1400 1406 1450 Alexandro,
1438 1411 1637 1452 progres-

190 1478 329 1519 soque
370 1472 469 1509 ante
510 1469 663 1518 aciem,
700 1468 818 1521 quod
857 1468 1063 1520 signumq
1104 1467 1362 1508 lacessentis
1391 1466 1637 1514 videbatur,

187 1538 421 1586 postquam
444 1536 594 1587 procul
616 1535 925 1576 animadvertit
947 1534 1192 1582 Menelaus,
1225 1546 1339 1573 nunc
1366 1533 1541 1573 demum
1564 1545 1638 1572 oc-

189 1600 414 1640 casionem
434 1601 668 1642 invadendi
688 1602 1037 1642 inimicissimum
1056 1604 1067 1625 ⁵
1106 1602 1192 1642 sibi
1224 1600 1417 1641 maxime
1440 1598 1637 1639 oblatam

188 1669 325 1716 ratus,
357 1672 403 1707 et
438 1667 621 1722 jamque
642 1666 660 1692 ⁶
705 1667 927 1709 confidens
963 1668 1158 1708 omnium
1194 1666 1446 1721 injuriarum
1482 1676 1638 1718 poenas

187 1731 250 1772 lui
280 1734 486 1787 sanguine
520 1734 650 1788 ejuss
680 1735 882 1776 omnibus
907 1735 1064 1775 animis
1086 1734 1315 1776 adversum
1336 1732 1488 1786 pergit.
1548 1729 1637 1770 Sed

795 1851 1032 1867 eeeeeeeeeeee

189 1939 207 1966 5
235 1936 360 1979 Delph.
376 1938 661 1973 inimicissimi.—G
680 1942 956 1984 Delph.jam.—7
981 1942 1057 1974 Vox
1069 1940 1182 1973 animis
1197 1939 1294 1972 deest
1311 1939 1343 1971 in
1361 1939 1447 1972 Mss.
1463 1937 1640 1970 Marcei-us

840 2061 872 2092 N
879 2060 981 2093 OTAE

188 2151 271 2175 xm.
295 2143 352 2185 qui
368 2152 410 2175 ex
428 2143 580 2176 Homero
594 2144 695 2178 docet
711 2145 884 2186 antiquum

187 2194 287 2225 Ilium
307 2194 444 2233 triginta
464 2196 583 2227 stadiis
601 2206 703 2236 snpra
726 2197 808 2228 illud
826 2197 886 2228 Ili-

187 2253 243 2275 um
265 2243 368 2275 fuisse
394 2245 486 2286 quod
511 2255 569 2278 sua
592 2251 696 2278 aetate
729 2246 886 2279 ostende-

187 2293 299 2325 batur.

230 2344 240 2365 ¹
257 2345 319 2376 Per
333 2346 599 2387 distributionem]
622 2347 731 2378 Prout
747 2347 809 2379 sub
825 2357 884 2379 suo

187 2395 313 2437 quique
329 2396 415 2428 duce
431 2396 568 2428 fuerant
582 2397 767 2429 distributi.

230 2450 254 2466 ¹¹¹
276 2445 446 2487 Barbaris]
470 2447 641 2488 Trojanis.

230 2500 246 2516 ¹¹
268 2496 475 2536 AEquiparare
486 2497 621 2536 gloriam
629 2496 817 2538 festinaret]
842 2497 886 2528 U-

188 2554 249 2575 nus
277 2546 419 2586 quisque
446 2546 590 2578 scilicet.
634 2548 751 2579 Malim
776 2554 887 2579 tamen

188 2594 406 2628 festinarent.

232 2648 247 2664 0
272 2644 550 2686 Comprehendere]
588 2646 722 2678 Hector
755 2648 888 2678 scilicet

190 2696 225 2724 et
243 2693 452 2733 Deiphobus.
497 2696 554 2727 De
577 2696 727 2728 Hectore
755 2702 887 2728 tantum

192 2747 306 2773 narrat
329 2743 520 2784 Homerus3
544 2755 587 2777 ex
613 2755 649 2778 se
673 2746 888 2788 Deiphobum

192 2795 307 2822 noster
324 2792 465 2825 addidit.

249 2844 265 2866 1‘
303 2842 482 2875 Maledictis
519 2843 704 2886 acrioribus]
750 2846 890 2878 Homer.

939 2145 1026 2178 'rouo’
1064 2144 1186 2182 ’Ἕκτωρ
1216 2144 1373 2176 νείκεσσεν
1402 2142 1471 2175 ἰδὼν
1500 2141 1640 2184 αἰσχροῖς

941 2195 1079 2228 ἐπέεσσι·
1100 2195 1252 2235 Δύσπαρι,
1268 2193 1345 2226 εἶδος
1364 2193 1480 2234 ἄριστε,
1492 2204 1640 2232 ’γυναιμειἼ

940 2246 1002 2288 νὲς,
1024 2244 1230 2287 ἠπεροπευτά.
1252 2247 1261 2263 ‘
1275 2245 1378 2276 Hunc
1404 2245 1537 2275 Hecto·-
1562 2253 1642 2275 con-

940 2298 1092 2338 spicatus
1109 2295 1303 2337 objurgavit
1320 2294 1490 2335 probrosis
1509 2294 1639 2325 verbis:

940 2347 1093 2378 Sceleste
1105 2345 1198 2384 Pari,
1216 2344 1326 2375 forma
1342 2344 1641 2384 praestantissime,

939 2396 1132 2434 mulierose,
1147 2393 1335 2434 impostor.'

982 2450 998 2472 ί1
1023 2446 1250 2484 Progressoque
1266 2446 1338 2474 ante
1353 2443 1461 2481 aciem,
1479 2443 1560 2483 quod
1575 2442 1641 2482 sig-

940 2506 1024 2536 num,
1035 2494 1104 2535 ξω]
1122 2493 1182 2525 Ait
1197 2498 1312 2525 noster
1330 2493 1433 2524 Parin
1451 2503 1490 2524 eo
1508 2498 1641 2524 tantum

942 2545 1100 2577 Menelao
1116 2542 1332 2584 significasse,
1354 2551 1389 2574 se
1405 2552 1481 2574 cum
1497 2551 1538 2573 eo
1555 2544 1642 2574 velle

942 2594 1120 2634 congredi,
1146 2593 1235 2634 quod
1263 2593 1297 2624 in
1322 2591 1469 2623 medium
1486 2601 1642 2632 progres-

942 2655 997 2676 sus
1014 2649 1117 2675 esset.
1161 2644 1288 2674 Verum
1313 2642 1483 2673 Homerus
1510 2641 1643 2678 scribit,

943 2696 1126 2729 Graecoset
1140 2694 1303 2734 Trojanos
1321 2691 1426 2723 foedus
1443 2690 1587 2731 sedisse,
1605 2696 1642 2722 nt

942 2751 1020 2777 uter
1047 2744 1213 2781 vinceret,
1239 2742 1266 2773 is
1295 2742 1478 2781 Helenam,
1504 2746 1539 2772 et
1567 2751 1642 2782 quae

943 2805 1018 2828 cum
1036 2804 1076 2825 ea
1092 2793 1237 2832 abrepta
1252 2791 1402 2830 fuerant,
1417 2790 1599 2822 obtineret.

987 2849 997 2864 ‘
1012 2844 1128 2876 Poenas
1144 2842 1203 2883 lui]
1228 2842 1279 2874 Ex
1292 2841 1454 2873 Homero.
1475 2840 1528 2872 Ὦς
1542 2839 1642 2881 ἐχάρη
