1915 3231
288 264 372 307 230

288 369 543 424 Eurypylus
560 369 738 412 obvium
755 370 865 412 forte
880 374 1037 412 nactus
1059 368 1329 419 Peneleum,¹‘
1350 369 1574 423 proturbat
1593 370 1739 421 hasta,

287 443 425 490 atque
463 437 704 479 interficit.²
777 437 888 478 Inde
923 438 1063 478 multo
1099 436 1262 478 saevior
1298 434 1460 478 Nirea¹
1488 449 1738 490 aggressuS,

286 518 391 545 mox
415 505 660 546 obtruncat.
717 504 907 558 Jamque
934 505 1175 546 deturbatis
1207 504 1282 558 qui
1313 504 1358 544 in
1393 502 1488 544 acie
1518 507 1738 553 steterant,

286 572 460 612 medios
483 570 830 624 aggrediebatur:
853 584 950 611 cum
975 571 1300 624 Neoptolemus
1320 584 1366 612 re
1388 571 1582 624 cognita,
1601 571 1736 611 comi-

285 650 369 679 nus
390 638 585 686 advolat,
615 637 919 691 dejectumque
941 650 1064 678 curru
1084 637 1298 687 hostem‚¹‘¹
1331 641 1375 678 et
1395 639 1493 690 ipse
1513 636 1737 686 desiliens,

284 705 494 759 impigre³
523 704 667 758 gladio
689 704 908 745 interficit.
968 705 1082 745 Tum
1102 705 1299 745 ablatum
1321 717 1507 758 propere
1528 703 1737 752 cadaver,

283 775 417 825 atque
439 771 496 813 ad
515 783 648 812 naves
672 770 838 824 jussu4
866 772 961 824 ejus
993 772 1223 824 perlatum.
1283 770 1418 822 Quod
1447 772 1520 812 ubi
1541 771 1738 812 animad-

285 843 453 879 vertere
474 838 663 887 barbari,
680 838 841 890 quibus
862 851 968 891 spes
989 840 1130 878 omnis
1151 839 1194 878 in
1219 838 1446 892 Eurypylo
1466 837 1622 888 fuerat,
1640 838 1737 879 sine

282 910 403 945 certo
434 904 586 945 ordine
622 909 697 944 aut
733 909 912 953 rectore,
952 904 1053 957 suga
1092 905 1294 958 praelium
1336 905 1559 954 deserunt,
1601 910 1737 958 atque

283 970 340 1011 ad
372 983 522 1011 muros
555 971 770 1011 revolant:
812 975 903 1010 tum
925 970 1102 1024 plurimi
1124 984 1272 1012 eorum
1305 971 1348 1012 in
1368 971 1474 1025 fuga
1503 971 1734 1012 interfecti.

281 1035 390 1090 [18]
408 1036 546 1089 Igitur
558 1041 792 1089 postquam
807 1036 918 1076 fusis
933 1036 1133 1077 hostibus
1149 1037 1204 1078 ad
1220 1049 1356 1078 naves
1377 1043 1595 1079 revertere
1610 1037 1736 1079 Grae-

282 1104 340 1152 ci,
360 1115 419 1144 ex
440 1102 616 1143 consilii
638 1103 869 1152 sententia,
888 1102 1099 1156 Eurypyli
1121 1107 1314 1146 cremata
1330 1117 1451 1153 ossa,
1474 1109 1608 1157 atque
1627 1117 1736 1145 urna

281 1169 476 1218 condita,
503 1169 619 1223 patri
639 1169 882 1218 remittunt,
904 1169 1078 1210 scilicet
1096 1182 1313 1211 memores
1332 1170 1646 1210 beneficiorum
1667 1176 1735 1212 at-

281 1249 364 1289 que
385 1236 610 1277 amicitiae.
654 1235 849 1277 Cremati
869 1237 1003 1277 etiam
1025 1249 1105 1290 per
1125 1250 1231 1278 suos
1253 1237 1418 1278 Nireus
1439 1242 1573 1291 atque
1595 1237 1736 1278 Pene-

280 1303 392 1352 leus,
424 1315 622 1344 seorsum
653 1303 829 1356 singuli.
887 1302 951 1344 At
982 1307 1163 1356 postero
1194 1304 1266 1345 die
1296 1317 1376 1358 per
1402 1303 1600 1358 Chrysen
1630 1317 1733 1357 cog-

280 1370 491 1418 noscitur,
525 1369 751 1410 Helenum
789 1369 990 1419 Priami‚¹‘
1021 1370 1261 1423 fugientem
1295 1371 1444 1412 scelus
1473 1370 1734 1420 Alexandri,

280 1436 403 1489 apud
423 1449 471 1477 se
493 1437 537 1477 in
557 1435 724 1489 templo
746 1449 895 1488 agere:
924 1450 1116 1490 moxque
1137 1438 1194 1478 ob
1216 1437 1261 1478 id
1282 1437 1431 1478 missis
1452 1437 1670 1479 Diomede
1689 1441 1734 1477 et

280 1502 461 1557 Ulysse,
495 1502 676 1543 tradidit
707 1515 820 1551 sese,
859 1503 1125 1556 deprecatus
1163 1505 1304 1557 prius,
1335 1505 1401 1546 uti
1436 1505 1523 1546 sibi
1557 1508 1732 1557 partem

750 275 962 307 DICTYOS
994 275 1269 309 CRETENSIS

878 1632 895 1643 o
903 1632 1123 1646 eeeeeeeeeee

278 1721 299 1749 2
324 1717 449 1758 Delph.
466 1717 704 1756 interfecit.——3
729 1718 911 1750 Omittitur
927 1728 991 1751 vox
1006 1719 1140 1759 impigre
1156 1720 1190 1751 in
1206 1720 1395 1761 Delma—4
1421 1720 1545 1761 Delpli.
1562 1720 1730 1759 jussus.—

937 1837 1077 1868 NOTAE

320 1920 334 1941 ¹‘
359 1919 537 1960 Peneleum]
561 1919 758 1961 Hippolemi
774 1919 891 1952 filium.
926 1921 977 1951 De

277 1981 320 2003 eo
338 1971 372 2001 in
390 1971 569 2010 Catalogo.
605 1970 672 2000 Sed
688 1970 858 2001 Homerus
873 1970 977 2000 inter-

278 2023 405 2055 fectum
423 2031 489 2052 non
506 2019 624 2052 refert.

319 2071 327 2094 ¹
351 2072 466 2113 Nirea]
491 2071 594 2102 Hunc
616 2069 660 2101 ab
684 2070 791 2101 AEnea
815 2068 974 2102 interfec-

278 2128 347 2155 tum
364 2120 528 2152 describit
544 2121 663 2151 Dares.

319 2178 342 2193 ¹¹¹
365 2171 590 2210 Daeffecaeumque
605 2179 699 2200 curru
713 2168 846 2209 hostem]
870 2170 976 2210 Eury-

276 2222 348 2264 pyii
360 2231 435 2253 cum
450 2219 585 2260 Pyrrho
597 2223 771 2251 certamen
783 2217 858 2250 fuse
869 2219 975 2252 Quiu-

276 2279 332 2305 tus
349 2270 509 2310 Calaber,
526 2278 576 2301 vr.

319 2328 333 2343 ¹¹
358 2322 515 2352 Helenum
529 2317 671 2358 Priami]
701 2318 842 2350 Tzetzes
857 2319 891 2350 in
907 2319 974 2359 Ly-

273 2374 394 2415 cophr.
416 2369 545 2403 Ἑλένου
571 2369 605 2401 δὲ
625 2370 683 2401 τοῦ
706 2368 845 2410 Πριάμου
867 2369 974 2401 παιδὸς

273 2424 411 2466 μάντεως
426 2424 525 2459 ὄντος,
542 2421 593 2453 καὶ
604 2421 624 2459 ἢ
634 2420 728 2460 μόνου
739 2420 973 2460 αὐτομολήσαν·

274 2487 329 2507 τος
342 2476 407 2506 τοῖς
415 2473 565 2510 ’Ἐλλησῃ
587 2470 666 2503 καθά
686 2478 780 2512 φησιν
794 2471 923 2512 Ὀρφεύς
936 2483 973 2502 τε

274 2526 325 2557 καὶ
346 2524 566 2565 Τρυφιόδωρος,
581 2523 614 2561 ἢ,
635 2523 674 2554 ὥς
697 2528 775 2562 φησι
796 2523 972 2563 Σοφοκλῆς,

275 2573 510 2614 ἐνεδρευθέντος,
523 2573 575 2604 καὶ
588 2571 839 2612 κατασχεθέντος
855 2573 903 2604 ὑπ’
919 2573 971 2604 ’0-

274 2624 415 2657 δυσσέος.
449 2626 458 2642 ‘
477 2623 610 2655 Heleno
627 2627 739 2654 autem
757 2624 885 2654 Priami
902 2623 971 2654 filio

275 2683 352 2706 vate
382 2675 551 2706 existente
579 2673 650 2704 solo
687 2673 741 2704 vel
777 2678 898 2713 sponte
928 2673 971 2704 ad

274 2726 419 2758 Graecos
446 2722 677 2763 confugiente,
703 2726 741 2753 ut
765 2721 883 2754 dicunt
905 2722 972 2753 Or-

275 2776 381 2814 pimus
409 2782 443 2805 et
471 2771 742 2813 Tryphimlorus,
766 2773 831 2813 vel,
857 2777 894 2803 ut
923 2773 971 2803 ait

274 2825 469 2865 Sophocles,
508 2824 550 2854 ab
589 2822 710 2863 Ulysse
741 2832 802 2863 per
833 2823 970 2854 insidias

1031 1925 1133 1962 capto
1148 1925 1184 1952 et
1200 1919 1359 1959 retento,'
1374 1921 1439 1951 διο.
1467 1919 1593 1951 Verum
1611 1919 1729 1953 Conon

1031 1971 1130 2002 aliter
1147 1971 1271 2011 paulo;
1294 1970 1344 2001 ita
1367 1969 1487 2001 scribit
1510 1971 1598 2001 enim
1614 1981 1730 2003 narra-

1031 2021 1124 2051 tione
1141 2023 1193 2051 34.
1209 2021 1218 2037 ‘
1231 2019 1357 2050 Paride
1374 2024 1508 2051 mortuo
1524 2020 1676 2052 Helenus
1693 2026 1730 2053 et

1030 2069 1226 2109 Deiphobus
1243 2068 1370 2100 Priami
1386 2068 1445 2100 filii
1463 2079 1566 2109 super
1581 2070 1728 2103 Helenae

1029 2118 1157 2159 nuptiis
1187 2118 1452 2155 contenderunt,
1484 2119 1634 2160 vicitque
1664 2130 1728 2161 per

1027 2170 1094 2200 vim
1111 2176 1146 2201 et
1173 2169 1364 2210 potentium
1389 2179 1486 2210 opem
1516 2171 1728 2213 Deiphobus,

1029 2224 1134 2251 aetate
1150 2220 1231 2250 licet
1247 2220 1366 2250 minor.
1399 2219 1552 2251 Helenus
1567 2230 1662 2262 ergo,
1676 2223 1727 2253 in-

1023 2270 1125 2310 juriae
1152 2269 1345 2309 impatiens,
1376 2269 1410 2299 in
1438 2268 1536 2300 Idam
1560 2270 1726 2302 secedens

1026 2320 1132 2351 otium
1148 2319 1231 2360 egit,
1246 2318 1318 2357 ubi,
1332 2318 1524 2350 Calchantis
1538 2328 1651 2356 suasu,
1667 2321 1725 2362 qui

1025 2369 1164 2410 Trojam
1181 2368 1384 2400 obsidebant
1402 2368 1516 2399 Graeci
1533 2378 1574 2399 ex
1593 2369 1725 2402 insidiis

1026 2429 1101 2451 eum
1118 2419 1270 2460 capiunt.
1303 2418 1366 2449 Ille
1382 2419 1506 2458 partim
1523 2419 1631 2459 minis,
1646 2430 1726 2461 par-

1029 2470 1087 2502 tim
1101 2469 1186 2501 dolis
1201 2470 1254 2500 vel
1270 2468 1381 2509 potius
1393 2467 1471 2499 odio
1484 2468 1614 2509 Trojae,
1627 2470 1725 2502 Grae-
1751 2499 1753 2502 Α

1026 2520 1073 2551 cis
1099 2518 1264 2550 indicavit
1286 2517 1399 2558 ligneo
1416 2526 1503 2558 equo
1517 2518 1651 2558 Trojam
1667 2529 1723 2551 ca-

1027 2571 1184 2612 piendam
1200 2568 1274 2600 fato
1291 2577 1366 2599 esse
1383 2567 1608 2608 designatum.
1654 2570 1724 2601 Im.

1026 2630 1080 2651 mo
1096 2625 1130 2651 et
1146 2618 1227 2650 illud
1245 2618 1404 2658 denique,
1429 2626 1504 2648 cnm
1520 2617 1643 2649 Achivi
1667 2629 1723 2650 ce-

1027 2671 1155 2711 pissent
1170 2668 1255 2700 coelo
1267 2667 1441 2707 delapsum
1457 2666 1540 2698 illud
1557 2667 1722 2701 Minervae

1025 2720 1229 2760 Palladium,
1241 2717 1332 2760 quod
1349 2718 1438 2748 inter
1450 2717 1558 2748 multa
1573 2722 1649 2749 erat
1661 2719 1724 2750 mi-

1025 2769 1175 2804 nimum!
1219 2769 1345 2801 Graeca
1359 2776 1427 2798 nou
1438 2767 1604 2809 descripsi
1618 2777 1724 2810 prop-

1025 2827 1077 2854 ter
1095 2820 1229 2852 nimiam
1246 2818 1488 2859 prolixitatem.
