1915 3231
518 286 581 317 DE
613 283 772 314 BELLO
803 281 1030 313 'PROJANO
1064 281 1159 311 [ΑΒ.
1189 281 1219 310 1.

1529 268 1585 309 97

148 379 248 432 cie,¹’
268 391 412 422 amore
437 378 534 432 ejus
554 381 728 432 captuS‚
759 376 989 429 ipsamque
1017 378 1063 415 et
1083 374 1247 415 multas
1263 378 1274 397 ¹
1299 378 1434 427 opes0
1455 371 1588 414 domo

750 492 991 506 ooaeeneeeoaee

148 576 321 607 [Ἔνιοι-1
347 572 473 615 Delph.
486 572 584 613 ipsam
605 572 855 611 multasque.—2
881 568 1006 610 Delph.
1029 567 1256 607 degebant.-—3
1282 565 1404 607 Delph.
1430 568 1539 598 cuncta
1563 565 1593 596 ei

797 686 939 720 NOTAE

189 777 206 800 ὓ
237 776 389 809 Miranda
415 775 530 816 specie]
568 773 735 805 Helenam
774 781 843 803 suae

148 827 259 860 aetatis
290 825 549 867 pulcherrimam
589 823 693 855 fuisse
730 831 845 853 omnes

148 878 334 918 scriptores
360 875 513 910 tradunt,
538 873 597 905 sed
628 874 718 904 illam
747 871 845 903 nobis

148 926 223 960 fere
237 925 393 967 depingit
408 925 518 955 Dares
541 923 725 964 Phrygius,
746 922 755 939 ⁸
772 921 844 952 He-

147 978 260 1009 lenam
277 976 419 1007 similem
440 974 505 1005 illis
521 972 707 1012 Dioscuria,
722 970 843 1003 formo·

149 1035 234 1068 sam,
250 1025 361 1057 animo
380 1023 536 1065 simplici,
554 1023 725 1064 blandam,
739 1021 844 1053 cruri-

149 1076 212 1108 bus
226 1074 374 1117 optimis,
390 1078 502 1105 notam
524 1073 614 1104 inter
637 1072 703 1103 duo
728 1080 845 1111 super-

150 1126 231 1158 cilia
245 1125 441 1163 habentem,
454 1132 513 1154 ore
530 1121 675 1163 pusillo.’
719 1120 846 1152 Cedre-

152 1185 237 1207 nus:
259 1173 299 1212 ἧν
311 1174 373 1214 γὰρ
388 1173 551 1212 εὔστολος,
567 1172 730 1210 εὔμαστος,
750 1168 848 1207 λευκὴ

151 1225 226 1257 ὡσεὶ
253 1225 344 1264 χιὼν,
373 1223 513 1264 εὔοφρυς,
544 1223 671 1262 εὕρινος,
699 1220 848 1261 οὓλόθριξ,

152 1274 327 1315 ὑπόξανθος,
343 1273 519 1314 ὀφθαλμοὺς
540 1272 659 1312 ἔχουσα
679 1271 848 1311 μεγάλους.

152 1325 196 1357 Id
224 1329 289 1363 est,
318 1328 356 1355 ut
386 1333 449 1365 ego
479 1323 707 1364 interpretor:
737 1322 848 1353 ‘Erat

153 1375 244 1408 enirn
271 1375 382 1414 longa,
407 1382 598 1412 mammosa,
627 1373 704 1403 nive
734 1371 848 1403 candi-

152 1425 243 1463 dior,
255 1423 404 1464 pulcliris
420 1423 610 1463 superciliis
623 1429 755 1461 ornata,
768 1430 850 1452 naso

154 1474 313 1508 formoso,
342 1472 464 1513 crispis
503 1472 647 1512 capillis,
686 1469 849 1510 subflava,

153 1524 284 1564 magnis
300 1521 432 1553 oculis?
477 1521 622 1553 Cedreni
646 1520 682 1552 τὸ
703 1521 852 1552 εὔστολος

153 1583 219 1605 non
250 1572 491 1603 intellexerunt
518 1570 582 1601 viri
613 1570 728 1608 docti;
759 1570 850 1602 inter

154 1632 238 1664 quos
254 1621 470 1653 doctissimus
486 1620 687 1651 Meziriacus
708 1619 752 1661 (is
768 1618 849 1650 mihi

154 1672 189 1703 in
205 1671 294 1702 hisce
310 1669 558 1701 commentariis
579 1669 687 1700 instar
702 1668 849 1699 omnium

154 1719 238 1760 fuit)
268 1718 325 1760 qui
351 1718 466 1757 vertit,
488 1718 545 1748 elle
571 1716 648 1748 &tait
674 1726 788 1758 propre
812 1727 849 1748 en

154 1769 270 1808 habits,
291 1767 387 1809 quasi
407 1767 489 1798 illud
512 1767 603 1798 inter
618 1767 765 1807 egregiae
781 1765 849 1797 for-

154 1828 218 1850 mae
234 1818 332 1850 dotes
349 1817 472 1848 debeat
488 1817 639 1856 censeri3
662 1817 722 1848 sed
738 1820 774 1849 et
789 1815 849 1847 fal-

154 1878 226 1900 sum
253 1871 308 1899 est
331 1866 433 1898 etiam
459 1865 627 1897 Helenam
654 1867 747 1897 cultu
771 1865 849 1897 niti-

155 1918 230 1950 dam
261 1921 296 1948 et
322 1921 475 1948 ornatam
513 1915 631 1956 fuisse,
671 1920 850 1957 autequam

155 1967 318 2000 Paridem
334 1971 451 1998 secuta
466 1965 597 1997 fuisset.
635 1966 724 1998 Nam
740 1966 851 2001 Paris,

156 2017 246 2059 apud
260 2016 418 2049 Ovidium
435 2016 468 2047 in
483 2015 591 2056 Epist.
605 2025 740 2056 parcam
754 2017 853 2056 Spar-

156 2073 225 2100 tam
243 2070 477 2109 repraesentat,
501 2071 536 2097 et
559 2067 665 2108 ipsam
683 2067 850 2098 Helenam

154 2119 406 2159 Spartanasque
422 2116 556 2149 sordide
571 2121 716 2148 ornatas.
745 2117 755 2134 ‘
767 2117 851 2149 Par-

157 2177 197 2199 ca
227 2166 285 2198 sed
309 2170 361 2198 est
388 2166 530 2207 Sparte3
562 2171 599 2197 tu
626 2167 720 2198 cultu
744 2166 850 2198 divite

157 2217 280 2258 digna;
309 2215 361 2247 Ad
387 2216 488 2247 talem
512 2215 650 2247 formam
674 2225 740 2248 non
768 2215 852 2247 facit

157 2267 223 2298 iste
239 2267 343 2297 locus.
387 2265 485 2297 Hanc
509 2265 631 2297 faciem
654 2266 757 2307 largis
779 2266 850 2298 sine

158 2317 225 2348 fine
255 2315 422 2356 paratibus
449 2316 512 2355 uti,
528 2316 735 2357 Deliciisque
751 2316 852 2347 decet

158 2366 332 2397 luxuriare
350 2365 455 2396 novis.
491 2366 575 2397 Cum
593 2365 708 2396 videas
724 2365 852 2396 cultum

158 2420 273 2447 nostra
301 2415 345 2446 de
384 2419 485 2455 gente
517 2414 677 2455 virorum,
707 2415 852 2448 Qualem

159 2465 349 2497 Dardanias
358 2465 469 2496 credis
485 2465 610 2496 habere
626 2474 730 2496 nurus
742 2464 764 2495 ,Ρ
789 2465 856 2505 Igi-

159 2520 214 2546 tur
229 2515 378 2546 εὔστολος
394 2519 447 2545 est
470 2515 621 2546 Homero
644 2519 680 2546 et
705 2514 854 2546 Pindaro

160 2564 344 2605 βαθύζωνος,
357 2569 393 2595 ut
407 2569 441 2595 et
453 2565 583 2596 notavit
596 2565 750 2596 Eustath.
767 2565 854 2596 Nam

159 2615 224 2646 nisi
242 2613 416 2654 βαθύζωνον
437 2616 585 2655 longam,
606 2617 643 2646 de
665 2615 740 2646 belle
759 2614 856 2653 tuille,

160 2664 411 2706 interpreteris,
448 2674 514 2695 non
553 2664 651 2695 video
689 2664 855 2705 quomodo

161 2715 266 2755 possit
282 2713 437 2754 intelligi.
479 2713 546 2745 Sed
564 2714 605 2744 de
622 2714 764 2745 Helenae
783 2713 856 2754 pul-

162 2763 355 2795 chritudine
371 2763 518 2794 omnium
546 2763 673 2804 optime
691 2764 857 2795 Constan-

160 2813 248 2844 tinus
260 2813 443 2848 Manasses.
459 2813 521 2844 nisi
536 2813 568 2843 in
582 2822 620 2843 eo
638 2813 856 2852 tautologiam

246 2865 362 2905 Delph.
374 2870 406 2897 et
426 2866 499 2896 γον,
514 2866 597 2897 Clas.

897 769 1138 812 reprehendas.
1182 769 1264 809 Ejus
1281 766 1385 799 verba
1401 768 1478 797 sunt
1493 777 1501 796 :
1521 763 1560 803 ἣν
1574 764 1594 803 ἦ

895 821 976 862 ’γυνὴ
995 819 1197 859 περικαλλὴς,
1213 819 1352 857 εὕοφρυς,
1369 814 1594 856 εὐχρουστάτη,

897 869 1065 912 εὐπάρειος,
1093 868 1302 909 εὐπρόσωπος,
1329 869 1457 905 βοῶπις,
1493 865 1596 906 χιονό-

896 932 1003 962 χρους,
1019 918 1274 959 ἑλικοβλέφαρος,
1290 916 1383 958 ἁβρὰ,
1394 915 1532 957 χαρίτων
1545 914 1598 954 ’γε’-

897 982 956 1010 μον
970 969 1078 1006 ἄλσος,
1093 966 1335 1008 λευκοβραχίων,
1351 965 1499 1008 τρυφερὰ,
1520 964 1596 997 κάλ-

898 1027 954 1053 λος
977 1019 1120 1061 ἄντικρὺς
1146 1018 1292 1057 ἔμπνουν,
1310 1017 1349 1048 τὸ
1362 1016 1526 1058 πρόσωπον
1541 1027 1596 1047 κα-

898 1069 1065 1106 τάλευκον,
1080 1064 1100 1107 ἦ
1114 1068 1225 1109 παρειὰ
1239 1067 1416 1108 ῥοδόχρους,
1427 1067 1464 1097 τὸ
1479 1065 1598 1107 πρόσω-

899 1132 958 1151 πον
973 1118 1106 1160 ἐπίχαρι,
1117 1118 1156 1150 τὸ
1170 1116 1330 1158 βλέφαρον
1343 1117 1464 1157 ὡραῖον,
1479 1114 1599 1147 κάλλος

900 1168 1148 1207 ἀνεπιτήδευτον,
1173 1166 1384 1206 ἀβάπτιστον,
1414 1166 1600 1208 αὐτοχροὶἳν,

901 1218 1019 1256 ἐβάπτε
1032 1218 1090 1256 τὴν
1102 1217 1278 1254 λευκότητα
1291 1216 1456 1257 ῥοδόχροια
1477 1214 1600 1257 πυρίνη,

900 1269 940 1300 ὣς
954 1269 1028 1300 εἴτις
1041 1268 1099 1299 τὸν
1111 1266 1268 1307 ἐλέφαντα
1282 1265 1374 1307 βάψει
1386 1267 1518 1307 λαμπρᾷ
1527 1276 1601 1305 πορ-

900 1317 993 1360 φύρᾳ,
1006 1318 1086 1359 δειρὴ
1100 1316 1214 1358 μακρὰ,
1231 1314 1436 1355 κατάλευκος,
1451 1314 1519 1346 ὅθεν
1530 1314 1600 1352 ἐμυ-

901 1367 1051 1409 θουργήθη
1065 1367 1235 1406 κυκνογενῆ
1255 1366 1315 1404 τὴν
1330 1366 1460 1397 εὕοπτον
1472 1362 1602 1402 Ἑλένην

903 1415 1117 1459 χρηματίζειν.
1156 1415 1196 1447 Id
1212 1420 1286 1447 est:
1305 1416 1314 1433 ‘
1329 1416 1412 1447 Erat
1427 1414 1514 1445 enim
1531 1423 1602 1445 mu·

902 1468 966 1499 lier
977 1465 1228 1505 formosissima,
1237 1465 1386 1506 pulchris
1398 1463 1603 1505 superciliis,

903 1517 1118 1557 corpulenta,
1134 1515 1283 1556 pulchris
1300 1515 1409 1556 genis,
1432 1515 1527 1545 vultu
1543 1513 1602 1545 ho-

904 1572 1014 1606 nesto,
1030 1566 1158 1607 magnis
1182 1566 1302 1605 oculis,
1317 1565 1396 1596 nive
1417 1564 1605 1605 candidior,

904 1616 1092 1658 superciliis
1117 1615 1276 1650 incurvis,
1301 1614 1464 1654 delicata,
1480 1614 1602 1654 gratia-

903 1676 976 1697 rum
1003 1666 1109 1706 sylva.
1131 1665 1217 1696 albis
1243 1664 1405 1703 brachiis,
1422 1663 1604 1705 voluptati-

903 1716 966 1747 bus
984 1715 1113 1755 dedita,
1129 1713 1347 1755 pulchritudo
1365 1713 1509 1754 spirans,
1525 1723 1604 1744 can-

903 1765 982 1797 dida
1012 1769 1177 1806 grataque
1207 1763 1310 1803 facie,
1349 1763 1444 1805 genis
1481 1763 1603 1803 roseis,

904 1815 976 1847 sine
1003 1815 1096 1854 fuco,
1127 1813 1349 1845 albitudinem
1379 1813 1453 1853 ejus
1483 1813 1604 1844 distin-

903 1865 1029 1906 guebat
1060 1864 1163 1896 rubor
1189 1873 1317 1902 roseus,
1345 1863 1451 1894 veluti
1480 1862 1506 1894 si
1531 1863 1605 1904 quis

904 1916 1000 1947 ebori
1013 1914 1172 1946 misceret
1184 1913 1394 1955 splendidam
1408 1922 1604 1954 purpuram,

904 1967 992 1999 collo
1009 1967 1122 2006 longo,
1136 1964 1354 2006 percandido,
1365 1963 1455 1995 unde
1471 1968 1507 1996 et
1523 1973 1603 2004 cyc-

905 2026 948 2047 no
978 2015 1094 2055 genita
1124 2014 1258 2046 Helena
1284 2014 1378 2046 dicta
1407 2013 1485 2045 est!
1538 2013 1603 2045 Illa

905 2065 1041 2106 χαρίτων
1064 2064 1163 2104 γέμον
1187 2063 1285 2096 ἄλσος
1310 2073 1396 2095 nove
1416 2068 1453 2095 et
1474 2062 1605 2094 duriter

903 2116 997 2147 dicta
1012 2119 1105 2154 sunt,
1122 2114 1316 2156 nullumque
1332 2115 1405 2156 ejus
1422 2114 1603 2145 locutionis

903 2165 1093 2205 exemplum
1104 2164 1253 2205 reperias
1265 2174 1274 2203 ;
1288 2173 1398 2205 neque
1410 2163 1499 2195 enim
1516 2165 1525 2180 ‘
1537 2164 1604 2204 syl-

904 2214 999 2247 vam'
1021 2215 1070 2246 illi
1085 2214 1149 2246 hoc
1166 2224 1267 2246 sensu
1282 2214 1410 2253 dicunt,
1425 2213 1513 2255 quod
1537 2214 1601 2245 sci-

906 2275 973 2302 am,
988 2274 1051 2296 nec
1064 2266 1074 2282 ‘
1087 2263 1266 2304 montem5'
1287 2273 1362 2295 nam
1379 2264 1603 2295 Callimachus

906 2314 1040 2356 poetam
1070 2314 1183 2345 nescio
1210 2323 1309 2356 quem
1340 2313 1484 2345 irridens
1513 2313 1603 2354 quod

906 2364 1089 2404 gratiarum
1115 2367 1263 2394 montem
1287 2362 1425 2402 dixerit,
1449 2362 1496 2394 ait
1512 2372 1603 2392 mon-

908 2420 975 2447 tem
992 2414 1083 2445 illum
1100 2414 1182 2444 nihil
1204 2413 1295 2444 aliud
1321 2423 1392 2443 esse
1417 2422 1514 2453 quam
1539 2413 1603 2444 sic-

908 2474 983 2496 cum
992 2469 1026 2495 et
1036 2464 1162 2494 aridum
1176 2463 1360 2502 gratiarum
1372 2463 1505 2494 collem.
1522 2462 1604 2502 Ejus

909 2514 1011 2545 verba
1036 2518 1114 2544 sunt
1129 2523 1137 2543 ε
1154 2512 1254 2553 Ἤπερ
1273 2511 1448 2544 ἆϋσταλέον
1468 2511 1604 2552 χαρίτων

908 2563 1017 2603 λόφον.
1041 2564 1050 2580 ‘
1066 2564 1173 2596 Quam
1191 2562 1321 2593 aridum
1337 2562 1519 2602 gratiarum
1537 2563 1604 2593 col-

909 2613 998 2645 lem.'
1031 2613 1216 2653 Eleganter
1229 2621 1322 2647 sane,
1336 2617 1373 2643 ut
1389 2612 1522 2653 quidem
1539 2622 1602 2653 ego

908 2663 997 2694 hunc
1009 2662 1118 2694 locum
1132 2662 1352 2702 interpretor,
1363 2663 1418 2704 qui
1431 2663 1602 2703 hucusque

909 2714 1132 2753 interpretum
1149 2712 1357 2753 diligentiam
1374 2712 1476 2753 fugit,
1492 2721 1602 2754 neque

911 2772 974 2803 ego
989 2763 1090 2793 etiam
1106 2766 1236 2793 montes
1252 2762 1326 2793 illos
1342 2766 1377 2793 et
1390 2763 1500 2803 sylvas
1512 2761 1602 2795 ferre

911 2813 1054 2852 possim:
1079 2816 1130 2844 est
1156 2811 1244 2843 enim
1273 2812 1356 2844 illud
1383 2821 1448 2844 non
1474 2812 1604 2854 delphi·

781 2865 869 2895 Dict.
897 2866 985 2895 Cret.
1483 2866 1514 2897 G
