1915 3231
557 394 619 423 DE
655 393 825 424 Exein.
858 393 1022 424 TROJAE
1056 393 1252 424 msToR,
1536 384 1622 426 3:23

177 490 315 535 catur,
330 489 372 526 et
391 486 515 539 parvi
534 485 679 527 facere
699 487 828 539 cujus
850 487 893 527 id
913 500 999 540 ope
1021 487 1110 528 fiat.
1147 487 1286 528 Jubet
1303 486 1463 538 dicere,
1488 488 1524 529 si
1546 490 1619 530 cui

175 553 280 607 quid
300 552 491 606 placeat.
551 553 817 593 Palamedes
838 554 1053 606 procedit,
1085 566 1212 594 suum
1231 553 1448 604 ingenium
1471 560 1621 595 osten-

173 620 250 661 dit.
312 620 467 672 ltaque
490 617 644 670 Argivi
664 619 896 672 imperium
917 621 957 660 ei
979 620 1182 660 tradunt-⁰
1240 619 1505 661 Palamedes
1539 622 1622 663 Ar-

171 687 284 739 givis
301 687 463 739 gratias
484 686 589 738 agit,
619 686 850 739 imperium
872 687 1051 739 accipit,
1073 687 1364 728 administrat.
1423 685 1621 729 Achilles

171 753 388 805 vituperat
418 753 592 806 imperii
628 754 1036 794 commutationem.
1095 752 1202 804 [26]
1233 753 1408 794 Interea
1427 753 1619 796 induciae

172 823 370 860 exeunt.p
431 819 697 860 Palamedes
720 823 919 860 omatum
939 823 1228 874 paratumque
1248 820 1489 861 exercitum
1516 821 1622 862 edu-

174 886 250 936 cit,
270 886 455 935 instruit,
477 886 692 926 hortatur.
753 884 922 927 Contra
941 886 1054 927 idem
1074 886 1184 928 facit
1203 887 1462 939 Deiphobus
1480 901 1490 928 :
1512 901 1621 941 pug-

168 956 294 994 natur
311 952 470 993 acriter
489 951 752 1005 aTrojanis.
812 951 1046 1005 Sarpedon
1080 953 1245 1007 Lycius
1280 966 1377 994 cum
1410 955 1506 995 suis
1538 955 1621 996 im·

171 1020 446 1074 pressionem
466 1019 512 1059 in
533 1017 724 1071 Argivos
746 1018 871 1067 facit,
895 1019 1043 1068 caedit,
1071 1020 1307 1073 prosternit
1327 1021 1505 1062 multos.
1567 1023 1619 1063 Ei

168 1086 329 1128 obvius
350 1085 400 1127 fit
420 1086 710 1139 Tlepolemus
731 1085 938 1127 Rhodius
959 1092 998 1125 ε*ἶ
1028 1086 1108 1127 sed
1133 1087 1208 1127 diu
1243 1088 1400 1129 stando
1434 1094 1478 1130 et
1512 1103 1620 1143 pug-

167 1153 314 1194 nando
336 1153 450 1194 male
468 1153 719 1193 vulneratus
735 1158 749 1174 Γ
770 1153 914 1194 cadit.
977 1153 1187 1195 Succedit
1210 1153 1368 1195 Perses
1388 1153 1618 1197 Admestae

166 1221 316 1271 filius‚⁵
346 1221 550 1274 praelium
571 1220 787 1262 restituit:
819 1221 987 1274 diuque
1010 1234 1109 1262 cum
1143 1221 1399 1275 Sarpedone
1421 1224 1619 1264 cominus

165 1288 401 1342 pugnando
433 1287 663 1329 occiditur.
723 1287 956 1342 Sarpedon
987 1301 1165 1342 quoque
1199 1289 1444 1330 multatus*
1477 1291 1619 1332 rediit.

165 1353 324 1407 Itaque
356 1368 433 1408 per
463 1354 630 1407 aliquot
661 1354 754 1395 dies
785 1356 941 1408 praelia
971 1356 1095 1396 fiunt.
1159 1355 1389 1409 Utrimque
1410 1356 1618 1398 ductores

166 1421 439 1470 occiduntur,
462 1421 538 1461 sed
560 1421 708 1474 plures
731 1434 754 1462 a
780 1421 974 1463 Priamo.
1030 1422 1213 1476 Trojani
1235 1424 1417 1464 mittunt
1438 1424 1619 1476 legatos,

163 1487 366 1528 inducias
385 1492 552 1541 petunt,
569 1492 614 1528 ut
634 1493 832 1529 mortuos
854 1489 1088 1543 sepeliant,
1108 1490 1285 1530 saucios
1303 1496 1470 1531 curent.
1529 1491 1619 1532 Pa-

162 1553 359 1594 lamedes
379 1553 750 1606 Agamemnonem
772 1555 962 1608 legatum
983 1556 1139 1597 mittitt
1172 1556 1227 1597 ad
1249 1556 1493 1598 Thesidas:
1526 1557 1619 1598 De-

163 1620 475 1674 mophoontem
515 1624 556 1661 et
595 1620 922 1670 Athamantem,
960 1635 1076 1674 quos
1112 1623 1280 1674 legatos
1315 1622 1617 1675 Agamemnon

162 1686 437 1740 praefecerat,
457 1693 509 1728 ut
539 1693 814 1729 commeatus
840 1693 1164 1741 compararent,
1199 1694 1241 1730 et
1272 1690 1532 1730 frumentum
1560 1690 1616 1730 de

165 1752 314 1808 Mysia
334 1767 361 1795 a
382 1754 582 1808 Telepho
605 1758 839 1808 acceptum
862 1759 1187 1808 supportarent.
1239 1756 1299 1797 Ut
1320 1769 1374 1797 eo
1397 1757 1528 1806 venit,
1550 1770 1616 1798 se·

773 1862 1009 1875 ΜΝΟΜΟ

205 1924 225 1942 ³¹
247 1925 302 1957 Sic
318 1925 397 1958 edd.
413 1936 495 1968 quas
512 1927 721 1969 inspeximus
737 1938 746 1959 :
772 1927 830 1960 sed
849 1927 1065 1960 scribendum
1083 1929 1241 1960 rnulcatus.

816 2023 960 2055 NOTAE

203 2089 218 2105 ⁰
241 2083 351 2125 Itaque
366 2085 483 2125 Arg-ivi
495 2086 658 2126 imperium
673 2086 703 2117 ei
718 2086 863 2127 tradunt]
914 2087 1123 2118 vulneratus.

161 2133 203 2165 Id
228 2140 348 2165 contra
375 2144 489 2166 veram
516 2136 721 2167 sententiam
752 2137 861 2167 Dares

160 2183 309 2224 scripsit.
340 2184 408 2217 Sed
425 2183 467 2216 de
482 2185 630 2225 hocjam
647 2186 753 2217 multa
769 2184 860 2226 apud

161 2232 306 2273 Dictyn.

203 2287 220 2309 Ρ
243 2282 519 2324 Induciaeexeunt]
545 2284 672 2316 Nescio
685 2294 727 2315 an
740 2285 860 2316 Latine

160 2331 227 2362 dici
261 2333 378 2372 possit,
409 2334 419 2351 ‘
435 2333 584 2365 induciae
616 2334 768 2374 exeunt‚’
799 2345 860 2376 pro

159 2381 170 2398 ‘
182 2382 328 2413 induciae
343 2382 506 2414 finiuntur
520 2383 542 2415 :'
566 2393 676 2426 neque
692 2385 779 2416 enim
797 2386 861 2416 La-

159 2431 229 2461 tine
246 2431 406 2471 dicerem,
425 2433 516 2464 ‘exit
532 2432 604 2464 dies
618 2433 626 2445 '
643 2444 702 2474 pro
720 2443 760 2465 eo
772 2434 860 2476 quod

159 2481 311 2512 Catullus
328 2482 426 2521 dixit,
442 2485 451 2500 ‘
463 2483 535 2514 abit
552 2483 648 2514 dies-⁹

201 2535 217 2556 ‘³
239 2530 282 2560 Ei
299 2531 405 2563 obvius
416 2533 464 2572 sit
487 2533 676 2574 Tlepolemus
701 2533 858 2574 Rhodius]

161 2580 311 2612 Mutavit
328 2591 370 2612 ex
382 2582 593 2614 Hom.Iliad.
606 2587 641 2614 E.
651 2582 858 2623 Τληπόλεμον

157 2629 183 2659 δ’
207 2629 422 2672 Ἡρακλείδην,
437 2631 495 2669 ἠΰν
511 2644 547 2664 τε
567 2633 669 2673 μέγαν
683 2633 858 2675 τε,“”Ωρσεν

158 2679 206 2710 ἐπ’
234 2680 361 2720 ἀντιθέῳ
389 2683 559 2722 Σαρπηδόνι
595 2686 686 2725 μοῖρα
715 2686 855 2725 κραταίη.

157 2729 411 2770 ‘Tlepolemum
436 2742 514 2763 vero
532 2733 764 2775 Heraclidem,
788 2735 855 2765 for-

159 2782 293 2820 temque
316 2790 551 2824 magnumqne,
571 2783 713 2824 Impulit
734 2784 855 2815 adver-

157 2836 213 2858 sus
236 2828 384 2860 divinum
407 2831 639 2872 Sarpedonem
654 2832 762 2865 fatum
785 2833 853 2865 vio-

157 2877 312 2909 lentum!
383 2914 389 2921 ι

200 2931 213 2948 ¹
234 2928 322 2960 Male
335 2929 528 2970 vulneratus]
561 2931 602 2963 Id
624 2936 688 2972 est,
707 2932 853 2965 maxime

957 2142 968 2157 ⁵
992 2138 1105 2169 Perses
1116 2137 1388 2179 Admestaefilius]
1416 2137 1484 2169 Sed
1501 2147 1616 2179 supra,

914 2187 1056 2218 Persem
1074 2187 1241 2228 quendam
1267 2188 1459 2218 Memnonis
1475 2188 1615 2223 socium.

911 2237 1001 2267 inter
1023 2246 1081 2267 eos
1109 2236 1163 2277 qni
1179 2236 1402 2277 Trojanorum
1425 2242 1540 2277 partes
1563 2247 1615 2268 se-

915 2286 1106 2326 quebantur
1146 2286 1382 2317 annumeravit
1398 2297 1407 2318 :
1444 2287 1613 2328 quomodo

914 2336 1018 2375 igitur
1046 2336 1100 2367 hic
1126 2337 1263 2376 ineptus
1293 2336 1438 2376 scriptor
1463 2346 1539 2368 eum
1565 2338 1613 2369 ait

913 2386 1102 2426 Tlepolemi
1118 2386 1209 2417 vices
1226 2387 1416 2427 suscepisse
1437 2391 1472 2418 et
1495 2393 1613 2420 contra

914 2436 1146 2477 Sarpedonem
1164 2438 1358 2477 pugnasse?
1396 2437 1500 2468 Nulla
1516 2443 1612 2470 certe

915 2486 1051 2526 pagina,
1067 2485 1124 2516 ubi
1139 2495 1205 2516 non
1223 2485 1541 2526 Daretisjudicium
1558 2497 1612 2520 re-

911 2535 1038 2576 quiras.

953 2587 964 2607 ⁸
986 2586 1167 2616 Palamedes
1187 2584 1449 2624 Agamemnonem
1474 2589 1612 2628 legatum

909 2634 1026 2675 mittit]
1061 2636 1187 2666 Rerum
1213 2637 1459 2669 vicissitudines
1475 2640 1611 2679 mirare,

910 2687 1030 2717 lector.
1059 2686 1069 2703 ‘
1086 2685 1176 2717 Hinc
1194 2686 1324 2726 apicem
1342 2697 1447 2727 rapax
1463 2689 1610 2719 Fortuna

908 2745 984 2766 cum
1008 2735 1151 2766 stridore
1175 2740 1275 2767 acuto
1297 2737 1455 2777 Sustulit,
1479 2738 1533 2769 hic
1549 2748 1608 2779 po-

908 2785 1014 2816 suisse
1030 2785 1178 2825 gaudet)
1210 2785 1453 2827 Agamemnon,
1470 2789 1608 2820 immen-

908 2835 936 2865 si
953 2835 1124 2866 exercitus
1141 2835 1240 2867 modo
1258 2847 1332 2876 rex,
1348 2847 1437 2870 nunc
1453 2838 1609 2871 Palame-

908 2883 959 2916 dis
974 2885 1116 2925 legatus.
1160 2885 1191 2917 Ο
1208 2895 1289 2918 sana
1303 2889 1414 2919 mens!
