1915 3231
559 389 620 418 DE
655 387 822 417 Excm.
854 385 1020 416 TROJAE
1053 385 1248 416 msToR.
1531 373 1615 415 337

171 481 333 535 pariter
354 494 451 522 cum
474 482 677 523 omnibus
697 483 978 535 partiturum:
1011 480 1226 532 simulque
1249 478 1492 519 exercitum
1513 489 1615 517 con-

172 548 292 597 sulit,
315 560 371 588 an
392 549 566 601 placeat
585 547 795 588 Antenori
816 552 858 588 et
878 549 1066 596 AEneae,⁵
1095 559 1199 587 cum
1218 545 1286 586 his
1306 545 1384 597 qui
1420 555 1510 584 una
1538 555 1617 595 pa⁶

170 615 297 654 triam
317 613 608 667 prodiderant,
629 614 811 663 servari,
833 613 951 666 quod
967 617 982 635 ²·
1001 613 1086 653 illis
1107 612 1219 652 clam
1241 610 1617 651 confirmaverant.

171 680 404 721 Exercitus
423 683 543 720 totus
563 680 827 727 conclamat,
857 679 1034 732 placere
1053 678 1165 728 sibi3
1198 679 1348 730 itaque
1364 677 1617 717 convocatis

170 747 387 796 omnibus,
409 747 560 788 omnia
580 760 662 787 sua
682 746 892 787 reddidit.
951 745 1150 785 Antenor
1170 748 1297 795 rogat
1326 743 1619 795 Agamemno-

170 826 283 863 nem,
305 817 354 853 ut
375 813 461 853 sibi
478 813 609 854 liceat
628 813 784 853 dicere.
832 812 1127 864 Agamemnon
1145 810 1291 851 dicere
1304 809 1447 863 jubet.
1494 808 1619 848 Prin-

171 879 293 931 cipio
314 878 513 919 Antenor
544 879 704 931 gratias
726 878 992 932 Grajugenis
1026 878 1145 929 agit,t
1174 877 1392 929 simulque
1428 888 1620 916 comme-

170 949 312 986 morat
328 945 545 985 Helenum
563 950 609 986 et
626 944 921 986 Cassandram
942 956 1119 997 semper
1139 943 1255 996 patri
1270 942 1431 983 bellum
1447 941 1619 982 dissua-

173 1012 302 1061 sisse,
323 1011 489 1052 Achilli
512 1011 767 1064 sepulcrum
784 1016 799 1033 ¹¹
824 1011 1046 1051 Helenum
1068 1010 1239 1051 dixisse
1260 1009 1428 1054 donari,
1444 1014 1489 1048 et
1508 1008 1621 1049 dixit

175 1078 401 1119 Helenum
422 1077 569 1119 omnia
591 1078 737 1118 scire.v
796 1077 1106 1131 Agamemnon
1123 1090 1181 1118 ex
1200 1077 1379 1117 concilii
1401 1077 1620 1116 sententia

174 1145 351 1186 Heleno
370 1150 416 1186 et
437 1144 704 1185 Cassandrae
725 1144 973 1185 libertatem
996 1143 1131 1184 dedit.
1191 1143 1393 1183 Helenus
1425 1155 1504 1196 pro
1528 1142 1621 1181 He-

175 1212 291 1252 cuba
311 1217 358 1252 et
378 1210 691 1252 Andromacha
721 1223 873 1263 rogare
905 1210 1045 1262 coepit
1078 1209 1468 1262 Agamemnonem,
1504 1221 1623 1248 com-

173 1291 419 1318 memorans
441 1278 497 1317 ab
519 1277 588 1317 his
609 1289 782 1329 semper
802 1289 903 1316 eum
925 1276 1134 1317 dilectum
1150 1289 1264 1316 esse.
1317 1275 1622 1328 Agamemnon

173 1345 230 1385 ad
253 1345 482 1385 concilium
502 1344 657 1385 refert:
689 1344 859 1397 placuit
889 1344 1003 1384 illis3
1019 1348 1042 1364 W
1072 1344 1320 1383 libertatem
1345 1341 1486 1391 reddi,
1522 1355 1623 1383 sua-

172 1423 260 1464 que
282 1412 432 1452 omnia
452 1411 642 1460 restitui,
664 1410 860 1463 praedam
882 1423 1053 1451 omnem
1076 1409 1309 1462 aequaliter
1329 1408 1492 1449 dividi:
1521 1408 1624 1448 hos-

173 1477 258 1518 tias
292 1483 336 1518 et
369 1481 472 1518 vota
507 1478 689 1525 solvere,
724 1482 771 1518 et
809 1476 987 1529 quando
1026 1477 1215 1517 debeant
1252 1475 1432 1515 domum
1469 1475 1623 1515 reverti

173 1543 290 1584 diem
313 1545 591 1586 constituere.
667 1544 732 1585 Ut
754 1545 848 1585 dies
878 1543 1140 1584 recessionis
1173 1541 1367 1591 advenit,
1391 1545 1626 1594 tempesta-

173 1615 239 1650 tes
260 1623 429 1663 magnae
452 1615 623 1652 exortae
645 1616 762 1660 sunt,
796 1615 838 1652 et
874 1623 951 1664 per
981 1610 1157 1663 aliquot
1184 1609 1277 1649 dies
1309 1613 1623 1648 remanserunt.

173 1677 283 1730 [43]
307 1676 497 1719 Calchas
514 1678 777 1731 respondit,x
798 1677 958 1718 Inferis
980 1690 1063 1718 non
1081 1689 1179 1717 esse
1201 1675 1488 1717 satisfactum.
1530 1675 1574 1717 N
1579 1689 1624 1716 e-

175 1744 404 1797 optolemo
426 1744 472 1784 in
492 1749 680 1785 mentem
701 1745 838 1794 venit,
873 1744 1170 1797 Polyxenam,
1193 1745 1322 1797 cujus
1344 1755 1483 1783 causa
1502 1746 1626 1796 pater

172 1811 376 1864 perierat,
398 1824 483 1851 non
503 1824 598 1851 esse
617 1812 660 1851 in
682 1812 803 1862 regia
823 1812 1054 1851 inventam.
1116 1808 1491 1863 Agamemnonem
1524 1821 1628 1861 pos-

177 1877 249 1927 cit,
272 1878 561 1931 conqueritur,
595 1881 777 1919 accusat
797 1878 1055 1918 exercitum.
1130 1876 1398 1918 Antenorem
1421 1875 1626 1917 accersiri

780 2006 817 2018 Oe
822 2006 896 2018 ‘O‘O
900 2006 936 2018 O‘
941 2005 1018 2018 θ’θ’

217 2085 238 2114 2
257 2081 358 2118 Quam
374 2081 566 2123 Delph.—3
591 2082 646 2113 Illi
663 2082 786 2123 Delph.

833 2180 974 2213 NOTAE

220 2256 231 2272 ⁸
253 2251 306 2283 An
319 2252 439 2292 placeat
454 2252 608 2284 Antenori
623 2257 653 2285 et
668 2254 794 2295 AEneoe]
818 2254 876 2286 Sic
931 2254 1026 2286 Scire
1050 2254 1234 2295 Helenum,
1256 2251 1388 2295 farique
1404 2256 1497 2285 vetat
1513 2251 1629 2284 Satura

178 2300 392 2342 disponenda
407 2302 522 2342 verba,
535 2303 544 2320 ‘
557 2312 598 2334 an
612 2304 748 2343 placeat
763 2313 877 2335 serva·
930 2304 987 2335 nia
1001 2303 1119 2344 Juno,'
1135 2303 1183 2335 sic
1195 2303 1323 2344 optime
1334 2302 1505 2334 distinxit:
1522 2303 1531 2320 ‘
1544 2302 1630 2333 Pro-

177 2351 206 2381 ri
231 2350 398 2383 Antenori
426 2357 462 2383 et
489 2353 617 2392 AEneae,
639 2363 715 2384 cum
741 2352 793 2384 his
818 2353 875 2394 qui
930 2353 1048 2385 hibent
1063 2362 1140 2384 nam
1158 2357 1273 2384 cetera
1289 2351 1411 2383 Parcae
1427 2351 1535 2391 Scire,
1559 2351 1631 2382 He-

178 2411 246 2433 una
268 2402 411 2442 patriam
438 2403 673 2444 prodiderant,
698 2404 786 2445 quod
811 2403 877 2434 illis
931 2403 1042 2434 lenum
1068 2401 1200 2444 farique
1224 2406 1319 2434 vetat
1336 2401 1496 2433 Saturnia
1514 2399 1631 2434 Juno,’

177 2451 263 2482 clam
279 2450 588 2483 confirmaverant.’
931 2452 1032 2490 Scire,
1055 2452 1285 2491 subintellige,
1308 2455 1349 2483 te.
1392 2452 1482 2483 Nam
1507 2451 1631 2482 Parcae

218 2500 229 2520 ²
249 2501 380 2532 Gratias
389 2501 584 2542 Grnjugenis
599 2502 684 2543 agit]
696 2503 796 2536 Quod
814 2502 878 2535 sibi
932 2501 1127 2542 prohibent,
1144 2505 1179 2533 te
1195 2501 1281 2532 scire
1305 2505 1433 2540 cetera,
1453 2505 1489 2532 et
1512 2501 1631 2532 Satur·

177 2554 278 2590 pacta
294 2555 498 2582 servassent.
932 2550 990 2582 nia
1004 2551 1094 2584 Juno
1110 2554 1205 2582 vetat
1223 2550 1393 2581 Helenum
1408 2549 1485 2581 fari.

223 2604 236 2619 ¹¹
258 2599 379 2631 Achilli
393 2600 580 2641 sepulcrum]
610 2602 785 2643 Nusquam
799 2601 879 2633 alibi
977 2606 998 2621 W
1014 2602 1143 2632 Placuit
1159 2600 1238 2642 [illi]
1251 2600 1329 2640 illis]
1344 2602 1352 2617 ‘
1366 2599 1448 2640 Illi‚’
1465 2600 1629 2632 concilio:

182 2648 249 2688 legi
273 2649 443 2681 Helenum
471 2650 609 2691 dixisse,
635 2650 802 2683 Achillem
828 2661 878 2682 se·
935 2649 1084 2691 alioquin
1097 2649 1279 2690 legendum
1291 2650 1379 2681 ‘illis
1394 2649 1415 2689 ;’
1429 2659 1549 2691 nempe
1560 2650 1632 2681 He·

181 2698 321 2737 pulchro
336 2699 540 2731 donandum.
933 2700 1030 2732 cubae
1047 2704 1084 2732 et
1099 2699 1361 2733 Andromachae.

223 2753 237 2767 V
260 2748 304 2779 Et
316 2749 400 2780 dixit
412 2750 568 2782 Helenum
579 2750 681 2782 omnia
692 2749 786 2790 scire]
800 2750 877 2781 Ser·
974 2753 992 2770 ¹
1016 2750 1148 2781 Calchas
1162 2751 1336 2791 respondit]
1373 2749 1441 2781 Alii
1465 2749 1632 2786 scribunt,

181 2797 310 2837 vius,iu
321 2798 482 2831 AEn.1n.‘
495 2801 659 2841 Repletus
669 2800 806 2831 numine
820 2809 877 2830 no·
933 2810 952 2832 e
969 2801 1099 2832 tumulo
1123 2799 1264 2831 Achillis
1283 2809 1398 2831 vocem
1415 2799 1551 2840 exiisse,
1566 2810 1634 2841 qua

183 2848 231 2879 vit
244 2849 353 2880 omnia
369 2850 550 2882 sacerdos.'
572 2852 688 2884 Quare
702 2851 784 2883 illud
800 2852 877 2882 Vir-
932 2850 1146 2891 Polyxenam
1182 2849 1245 2881 sibi
1283 2849 1449 2881 immolari
1479 2849 1631 2881 Achilles

184 2899 265 2939 gilii,
292 2901 301 2917 ‘
317 2899 505 2933 Prohibent
529 2910 606 2932 nam
622 2908 740 2934 cetera
756 2901 875 2932 Parcae
932 2900 1086 2940 petebat.
1106 2899 1193 2932 Vide
1208 2899 1297 2941 apud
1314 2899 1454 2941 Dictyn,
1470 2909 1504 2931 v.

268 2951 383 2993 Delph.
397 2956 428 2984 et
448 2953 522 2985 Vm'.
538 2954 624 2986 Clas.
779 2954 870 2985 Dict.
889 2953 975 2985 Cret.
988 2954 1042 2993 &a
1512 2954 1543 2984 Y
