1915 3231
227 245 311 288 152
694 259 907 291 mcrvos
940 261 1210 293 cumensis

226 351 385 393 differri
407 365 494 394 non
515 355 662 406 potest
677 367 687 405 ;
704 366 844 409 neque
864 354 963 397 finis
979 356 1173 397 bellandi
1194 354 1283 406 fiet,
1301 355 1405 409 quin
1426 359 1504 399 aut
1521 369 1671 399 omnes

227 419 417 462 Graeciae
438 419 589 470 duces,
609 421 687 475 qui
708 421 867 474 singuli
893 423 950 463 ad
977 422 1212 464 eruendam
1234 423 1459 464 civitatem
1479 429 1671 465 vestram

227 487 336 529 satis
355 487 503 528 idonei
525 494 641 538 sunt,
673 495 856 530 mortem
877 490 1084 538 obierint,
1108 495 1197 539 aut,
1220 490 1338 543 quod
1372 492 1511 543 magis
1541 504 1671 545 spero

228 553 425 603 confore,
449 558 580 607 capto
600 554 704 605 llio,
725 561 1006 610 crematoque
1028 557 1152 609 igni‚¹¹
1188 558 1379 610 posteris
1398 557 1561 599 etiam:
1592 557 1673 598 im-

224 622 407 675 pietatis
433 621 679 675 exemplum
710 627 868 663 vestrae
900 623 1182 677 relinquatur.
1243 622 1538 677 Quapropter,
1568 623 1672 664 dum

226 688 369 729 adhuc-
392 702 461 729 res
483 689 652 741 integra
672 690 714 730 in
733 691 937 731 manibus
954 691 1084 731 vobis
1099 697 1117 723 ⁹
1135 696 1217 740 est,
1236 692 1366 732 etiam
1390 695 1522 744 atque
1542 690 1672 731 etiam

225 755 482 809 providete.'
540 755 648 807 [23]
681 756 923 810 Postquam
945 757 1074 798 finem
1095 758 1304 811 loquendi
1321 762 1331 780 ¹
1365 757 1484 805 fecit,
1504 770 1668 809 magno

226 823 399 864 silentio
421 824 605 873 cunctis,
627 828 675 865 ut
710 825 752 864 in
785 825 863 865 tali
881 826 1057 878 negotio
1078 825 1169 866 fieri
1190 825 1319 871 solet,
1349 825 1535 866 alienam
1574 837 1672 866 sen-

225 891 408 932 tentiam
448 891 803 943 expectantibus,
839 905 938 932 cum
977 905 1025 932 se
1064 893 1251 945 quisque
1289 892 1432 932 minus
1468 891 1671 932 idoneum

225 960 448 998 auctorem
461 962 483 977 W
499 956 708 1006 crederet,
733 957 932 998 Panthus
946 963 962 979 Χ
984 958 1105 999 clara
1127 971 1236 999 voce
1249 963 1278 1000 :²
1300 957 1448 1012 ‘Apud
1462 957 1572 1007 eOS,'
1591 959 1672 1007 ait,

226 1027 240 1046 ‘
255 1023 436 1077 Ulysse,
471 1024 605 1064 verba
635 1023 764 1073 facis,
794 1024 956 1075 quibus
975 1029 992 1052 y
1023 1027 1181 1076 praeter
1208 1025 1476 1065 voluntatem
1505 1025 1672 1065 mederi

225 1092 357 1132 rebus
377 1094 579 1143 potestas
598 1090 720 1130 nulla
740 1090 830 1130 est.‘
862 1089 977 1130 Dein
999 1094 1102 1142 post
1114 1103 1214 1131 eum
1229 1090 1450 1132 Antenor:
1470 1094 1484 1113 ‘
1499 1090 1673 1140 Omnia,

225 1170 326 1211 quae
361 1161 605 1198 memorata
625 1169 652 1197 a
673 1157 802 1197 vobis
824 1162 938 1201 sunt,
959 1159 1150 1197 scientes
1172 1157 1501 1211 prudentesque
1530 1158 1673 1211 patie-

226 1238 321 1266 mur
338 1229 375 1265 :³
408 1236 552 1277 neque
575 1223 780 1264 voluntas
803 1223 1060 1264 consulendi
1075 1229 1095 1254 4
1125 1226 1267 1274 abest,
1289 1225 1324 1264 si
1347 1229 1548 1277 potestas
1569 1237 1674 1265 con·

225 1292 467 1333 cederetur.
526 1290 632 1340 Sed,
667 1296 718 1331 ut
757 1290 932 1341 videtis,
969 1305 1150 1333 summae
1184 1293 1248 1332 rei
1277 1292 1352 1333 alii
1388 1293 1645 1346 potiuntur,⁵
1660 1298 1675 1314 ²

226 1360 384 1414 quibus
407 1357 632 1412 cupiditas
662 1357 851 1398 utilitate
874 1358 1017 1411 potior
1036 1358 1133 1399 est?
1194 1358 1310 1408 Quae
1343 1360 1418 1399 ubi
1447 1359 1673 1408 disseruit,

225 1439 333 1468 mox
357 1438 434 1479 per
454 1424 648 1465 ordinem
671 1438 824 1465 omnes
847 1424 923 1478 qui
943 1426 999 1465 ob
1022 1426 1264 1467 amicitiam
1299 1427 1477 1476 Priami,
1508 1425 1673 1479 quique

226 1493 425 1535 mercede
444 1491 654 1533 conducti
671 1491 927 1533 auxiliarem
948 1492 1186 1533 exercitum
1210 1493 1442 1543 duxerant,
1459 1491 1673 1533 introduci

823 1600 863 1611 θ’
867 1600 901 1611 ee
906 1599 1042 1612 eoo-eece
1046 1601 1063 1611 e

225 1664 364 1697 manibus
379 1667 497 1696 est.—l
517 1664 641 1704 Delph.
657 1664 857 1695 ἀπωθῇ-2
875 1665 931 1695 Ita
948 1665 1052 1695 visum
1070 1670 1120 1696 est
1137 1664 1312 1697 Obrechto
1328 1665 1571 1705 interpungere
1584 1665 1673 1696 hunc

225 1709 350 1745 locum,
375 1717 450 1737 cum
468 1707 568 1746 vulgo
585 1706 757 1743 ederetur,
781 1707 823 1737 P.
840 1717 865 1737 e.
882 1717 910 1737 v.
925 1708 1006 1747 apud
1021 1717 1069 1737 eos
1083 1708 1142 1746 uit,
1169 1712 1205 1738 et
1230 1708 1277 1738 sic
1307 1707 1431 1746 Delph.
1453 1713 1488 1738 et
1510 1707 1605 1747 pejus
1631 1707 1673 1738 ab

228 1750 315 1787 aliis,
345 1750 386 1780 P.
412 1750 493 1788 apud
520 1758 570 1779 eos
596 1750 681 1779 clara
708 1758 779 1779 voce
801 1749 921 1779 ait.—-3
948 1750 1108 1788 Vindiug.
1140 1749 1321 1789 legendum
1355 1754 1453 1789 putat
1480 1749 1673 1787 patimur.—

226 1796 246 1825 4
264 1792 354 1824 Ante
369 1792 545 1822 consulendi
560 1791 678 1822 inserit
696 1790 819 1831 Delph.
834 1790 985 1822 bene.-5
1011 1792 1133 1833 Delph.
1147 1792 1310 1832 potiuntur
1325 1793 1449 1824 illa—6
1465 1792 1589 1832 Delph.
1604 1802 1673 1823 oru-

878 1886 908 1918 N
915 1887 1018 1919 OTAE

871 1949 924 1981 Ita

631 2000 768 2031 Lucret.
794 2005 802 2016 ‘
816 2001 901 2039 parti
915 1999 922 2011 '

270 1958 284 1972 ¹¹
308 1950 396 1991 Igni]
429 1949 591 1991 Antique,
618 1959 677 1989 pro
700 1949 823 1989 ‘igne.'

228 2003 238 2020 ‘
252 2002 328 2034 colli
342 2001 350 2013 '
373 2010 434 2041 pro
456 2003 464 2017 ‘
480 2000 585 2031 colle.‘

229 2061 290 2093 pro
309 2055 416 2091 parte.
439 2049 511 2080 Cic.

271 2107 284 2122 *¹
303 2100 445 2133 Posteris
455 2100 565 2140 etiam]
591 2103 598 2117 ¹
612 2099 722 2130 Etiam
734 2099 743 2112 ’
755 2100 850 2140 jungi
866 2099 924 2130 ‹le—

230 2153 288 2184 bet
303 2161 377 2182 cum
394 2151 562 2191 posteris:
587 2151 596 2167 ⁴
610 2151 711 2181 etiam
736 2151 904 2190 posteris!

272 2208 290 2222 W
311 2202 388 2232 Cum
403 2210 436 2232 se
447 2201 573 2241 quisque
584 2201 684 2231 minus
699 2201 839 2232 idoneum
855 2211 925 2232 auc-

228 2251 341 2291 torem]
366 2250 441 2282 Hoe
455 2250 504 2281 ita
516 2250 686 2290 intellige3
704 2259 778 2281 cum
791 2260 826 2281 se
840 2251 926 2291 quis·

230 2311 295 2342 que
312 2301 420 2331 minus
435 2299 592 2330 idoneum
611 2300 781 2336 crederet,
794 2301 849 2341 qui
868 2301 926 2331 hu-

225 2352 282 2391 jus
301 2351 350 2380 vel
373 2350 459 2380 illius
476 2349 525 2379 rei
549 2354 666 2380 auctor
689 2355 792 2381 esset.
837 2350 927 2381 Gall.

232 2401 359 2432 chacun
385 2409 423 2430 ne
447 2409 480 2430 se
505 2402 633 2440 croyant
658 2409 714 2439 pas
743 2399 867 2440 capable
891 2400 928 2430 de

230 2453 346 2482 donner
361 2460 415 2481 son
431 2449 508 2488 aris,
530 2450 568 2479 de
582 2450 700 2480 donner
714 2450 840 2481 conseil.

273 2507 288 2522 ¹
303 2499 461 2539 Panthus]
476 2499 578 2530 Filius
595 2499 779 2539 Euphorbi,
797 2500 844 2531 ait
858 2500 927 2530 Da-

231 2561 297 2582 res.
343 2551 397 2582 De
415 2559 480 2591 quo
496 2549 568 2590 ipse
586 2549 734 2588 viderit3
757 2559 833 2580 nam
851 2559 927 2580 eum

231 2601 355 2641 Virgil.
382 2599 613 2640 Orthryadem
640 2599 734 2630 dicit.
787 2599 854 2631 Hic
882 2599 926 2630 Α-

231 2651 363 2692 pollinis
391 2649 547 2690 Delphici
575 2649 735 2681 sacerdos
757 2648 845 2688 fuit;
869 2650 927 2680 sed

231 2702 323 2732 illum
340 2700 427 2731 filius
443 2699 629 2730 Antenoris
646 2699 770 2738 rapuit,
793 2709 810 2729 a
832 2700 927 2730 Pria-

233 2760 287 2781 mo
304 2750 453 2789 Delphos
468 2749 599 2784 missus,
615 2754 649 2779 et
673 2750 714 2780 ad
737 2749 834 2780 Ilium
851 2759 925 2789 per-

233 2799 351 2837 duxit;
374 2799 429 2829 ubi
453 2799 554 2829 etiam
581 2798 745 2839 Apollinis
768 2799 926 2829 sacerdos

978 1949 1235 1990 fuit,ductaque
1253 1960 1356 1982 uxore
1371 1951 1553 1988 Pronome,
1571 1949 1675 1990 Clytii

977 2000 1058 2040 filia,
1083 2001 1366 2041 Polydamamem
1383 1999 1556 2039 suscepit3
1580 2000 1674 2039 cujus

982 2050 1193 2089 prudentiam
1222 2055 1257 2081 et
1282 2049 1471 2081 futurorum
1498 2048 1675 2079 scientiam

980 2110 1072 2140 saepe
1098 2100 1211 2131 laudat
1236 2100 1378 2131 Homer.
1419 2098 1498 2129 Vid.
1516 2098 1674 2130 Eustath.

980 2151 1074 2181 Serv.

1022 2206 1034 2227 y
1064 2199 1162 2231 Verba
1174 2200 1271 2239 facis,
1283 2199 1406 2240 quibus]
1431 2196 1471 2228 Id
1489 2202 1554 2236 est,
1571 2196 1677 2228 verba

981 2248 1066 2280 facis
1082 2249 1172 2288 apud
1191 2259 1247 2280 eos
1271 2249 1390 2289 quibus
1414 2248 1504 2278 nulla
1524 2252 1678 2287 potestas

981 2304 1032 2330 est
1059 2299 1156 2330 rebus
1183 2298 1323 2337 mederi,
1348 2303 1474 2338 praeter
1498 2297 1601 2327 solam
1619 2306 1676 2326 vo-

980 2349 1158 2379 luntatem.
1181 2348 1280 2380 Quod
1298 2356 1374 2378 mox
1393 2346 1566 2377 Antenor:
1585 2347 1594 2362 ‘
1607 2346 1676 2376 Ne-

981 2408 1044 2439 que
1061 2399 1216 2429 voluntas
1232 2395 1427 2428 consulendi
1443 2395 1554 2434 abest,
1573 2394 1600 2425 si
1617 2405 1678 2436 po-

980 2452 1087 2479 testas
1102 2444 1372 2478 concederetur-³

1023 2502 1036 2516 z
1049 2496 1184 2527 Summa:
1196 2496 1242 2526 rei
1256 2495 1312 2525 aliz·
1322 2491 1501 2534 potiuntur]
1517 2492 1675 2533 Optime:

983 2549 1037 2579 Sic
1074 2549 1083 2564 ‘
1104 2546 1207 2587 potiri
1234 2545 1382 2576 hostium
1400 2543 1410 2557 ⁷
1447 2543 1532 2574 dixit
1561 2543 1675 2575 Plaut-

978 2600 988 2614 ⁴
1004 2597 1113 2628 Potiri
1132 2593 1349 2627 Asdrubalis’
1365 2593 1501 2624 Sallust.
1531 2594 1540 2610 ‘
1556 2593 1677 2624 Gallia‘¹

981 2645 1100 2687 potiri’
1126 2646 1253 2684 Caesar,
1277 2645 1335 2675 sed
1363 2643 1444 2674 illud
1472 2643 1589 2683 utique
1617 2652 1677 2684 per

981 2696 1146 2736 Ellipsini.
1191 2694 1466 2731 Subiutelligitur
1483 2692 1569 2723 enim
1587 2694 1679 2724 abla-

981 2747 1082 2785 tivus,
1099 2745 1253 2786 imperio,
1272 2754 1386 2784 reguo,
1403 2744 1453 2774 vel
1471 2743 1599 2775 similis.
