1915 3231
464 261 527 291 Du
562 261 718 291 BELLo
751 260 979 291 TROJANO
1013 261 1107 290 Lm.
1143 261 1206 290 ιν.
1462 250 1548 292 223

101 359 188 405 tus,
205 357 246 395 et
262 354 454 395 clamore
470 353 639 406 lugubri
653 354 792 395 Troili
810 366 960 394 casum
981 353 1277 394 miserandum
1298 354 1344 394 in
1364 355 1545 396 modum

101 422 277 470 defient,
300 420 515 461 recordati
537 424 711 461 aetatem
732 419 828 472 cjus
849 419 1086 460 admodum
1109 419 1383 460 immaturam
1399 433 1409 460 z
1424 426 1438 442 Ζ
1469 422 1547 474 qui

100 488 146 529 in
166 487 316 541 primis
337 487 538 540 pueritiae
560 487 703 536 annis,
724 499 823 526 cum
844 485 1108 526 verecundia
1129 498 1183 526 ac
1204 486 1434 539 probitate,
1455 491 1545 528 tum

99 553 325 608 praecipue
345 554 488 594 forma
508 553 706 605 corporis
727 551 944 600 amabilis,
974 555 1104 605 atque
1131 555 1339 605 acceptus
1361 553 1548 606 popula-

99 620 220 661 ribus
241 620 536 661 adolescebat.
594 619 701 673 [10.]
735 618 847 659 Dein
869 619 1101 661 transactis
1123 620 1277 672 paucis
1300 620 1454 661 diebus
1475 633 1548 661 so-

98 687 221 728 lenne
240 686 492 741 Thymbraei
517 685 736 739 Apollinis
766 686 964 735 incessit,
984 690 1028 726 et
1049 686 1224 740 requies
1252 686 1445 728 bellandi
1467 701 1547 741 per

98 753 300 796 inducias
320 754 602 807 interposita:
634 758 726 793 tum
747 758 934 806 utroque
955 754 1151 794 exercitu
1177 754 1396 795 sacrificio
1418 754 1548 796 insis-

96 823 227 869 tente,
260 821 459 861 Priamus
480 825 652 873 tempus
672 823 844 869 nactus,
867 819 1039 860 Idaeum
1054 825 1070 842 ³
1097 820 1155 860 ad
1176 819 1394 862 Achillem
1412 834 1546 875 super

98 886 333 941 Polyxena
353 899 455 928 cum
473 886 690 927 mandatis
710 886 853 927 mittit.
913 886 1000 927 Sed
1034 887 1111 927 ubi
1141 887 1341 928 Achilles
1374 888 1418 928 in
1444 888 1546 930 luco

97 967 154 995 ea
182 966 284 1007 quae
306 953 480 1006 perlata
507 958 634 993 erant
663 953 718 992 ab
754 952 880 993 Idaeo
897 955 908 973 ¹
943 953 1180 1006 separatim
1202 954 1257 994 ab
1279 954 1378 995 aliis
1398 967 1545 1009 recog-

97 1021 257 1070 noscit,
287 1021 464 1073 cognita
484 1033 529 1060 re
549 1020 667 1074 apud
690 1029 823 1060 naves
840 1020 1034 1072 suspicio
1056 1019 1235 1061 alienati
1255 1020 1396 1071 ducis,
1419 1027 1460 1064 et
1487 1022 1544 1063 ad

95 1092 368 1140 postremum
405 1086 645 1139 indignatio
678 1090 847 1127 exorta.
919 1086 1127 1140 Namque
1164 1090 1294 1128 antea
1329 1101 1543 1130 rumorem

95 1153 360 1207 proditionis
379 1158 520 1195 ortum
541 1152 804 1194 clementerb
829 1166 908 1206 per
928 1153 1172 1194 exercitum
1194 1153 1236 1194 in
1258 1167 1405 1195 verum
1426 1158 1544 1196 trax-

95 1224 230 1262 erant.
289 1220 359 1261 Ob
380 1234 495 1274 quae,
518 1220 645 1261 simul
667 1221 731 1261 uti
753 1220 999 1261 concitatus
1021 1220 1175 1260 militis
1196 1221 1369 1262 animus
1389 1222 1543 1263 lenire-

95 1290 181 1338 tur,
205 1286 324 1342 Ajax
345 1301 443 1329 cum
467 1287 686 1328 Diomede
708 1291 751 1328 et
772 1287 934 1342 Ulysse
954 1287 1010 1328 ad
1032 1288 1179 1328 lucum
1201 1292 1397 1341 pergunt.
1458 1289 1543 1329 Hi-

95 1367 182 1408 que
214 1358 314 1396 ante
362 1355 571 1408 templum
605 1355 828 1404 resistunt,
868 1355 1145 1409 opperientes
1187 1355 1225 1395 si
1264 1354 1542 1407 egrederetur

93 1419 325 1471 Achillem,
357 1421 570 1474 simulque
598 1422 659 1462 uti
688 1434 780 1461 rem
812 1427 982 1474 gestam
1009 1421 1189 1475 juvenic
1220 1423 1452 1472 referrent3
1485 1423 1541 1463 de

94 1490 238 1528 cetero
270 1487 399 1528 etiam
432 1486 707 1534 deterrerent,
737 1487 781 1527 in
815 1488 1036 1540 colloquio
1062 1489 1178 1529 clam
1208 1502 1311 1529 cum
1338 1489 1541 1530 hostibus

94 1566 233 1605 agere.
293 1552 403 1606 [IL]
426 1553 606 1594 Interim
628 1552 900 1602 Alexander,
923 1555 1295 1610 compositisjam
1313 1568 1413 1597 cum
1433 1555 1541 1596 Dci-

93 1619 241 1672 phobo
275 1619 464 1669 insidiis,
495 1620 684 1673 pugione
718 1620 974 1661 accinctus²
1016 1621 1072 1661 ad
1102 1620 1319 1662 Achillem
1355 1622 1542 1673 ingredi-

92 1691 176 1735 tur,
206 1686 485 1728 confirmator
505 1686 642 1727 veluti
674 1698 822 1727 eorum
849 1699 949 1739 quae
985 1686 1189 1728 Priamus
1224 1688 1540 1740 pollicebatur:

90 1764 280 1807 moxque
301 1753 355 1794 ad
379 1766 514 1802 aram,
536 1765 624 1806 quo
643 1765 698 1793 ne
719 1752 861 1793 hostis
883 1752 1034 1793 dolum
1055 1754 1399 1806 persentisceret,
1418 1767 1542 1795 aver-

92 1832 256 1873 susque
279 1833 306 1860 a
326 1818 472 1870 duce,d
494 1820 682 1860 assistit.
745 1819 861 1860 Dein
883 1820 960 1860 ubi
977 1824 1151 1873 tempus
1171 1821 1314 1862 visum
1334 1826 1414 1872 est,
1434 1822 1541 1862 Dei-

90 1886 265 1939 phobus
284 1887 518 1940 amplexus
539 1886 745 1926 inermem
759 1885 980 1938 juvenem,
997 1886 1164 1940 quippe
1183 1887 1227 1927 in
1249 1900 1378 1928 sacro
1398 1886 1540 1942 Apol—

89 1952 193 1994 linis
213 1954 318 1995 nihil
336 1953 499 1995 hostile
521 1957 803 2002 metuentem,
819 1954 1088 2004 exosculari,
1105 1955 1394 2009 gratularique
1411 1968 1540 2009 super

693 2092 931 2105 OOOOO‘OOOOOO

90 2189 107 2219 1
131 2188 255 2230 Delph.
273 2188 306 2221 in
321 2190 384 2221 loco
399 2199 436 2221 ea
451 2199 520 2230 quae
535 2189 626 2221 illata
646 2193 736 2221 erant
760 2199 830 2221 cum
853 2189 1015 2221 Μῶα-2
1039 2189 1166 2230 Delpli.
1193 2189 1386 2222 cinctus—3
1411 2191 1537 2232 Delph.

737 2318 880 2353 NOTAE

128 2407 141 2422 ¹
162 2404 301 2434 AE’tatem
311 2403 378 2442 ejus
391 2405 554 2435 admodum
569 2403 784 2444 immaturam]
880 2408 895 2424 a
911 2402 1043 2443 Idaeum]
1060 2401 1270 2439 Praeconem,
1286 2399 1327 2430 de
1343 2409 1409 2441 quo
1422 2409 1459 2431 su
1465 2409 1536 2440 pra.

88 2452 176 2485 Quia
191 2453 324 2484 scilicet
341 2453 431 2493 apud
444 2453 622 2494 Virgilium
639 2454 783 2494 legerat,
880 2453 895 2475 b
915 2454 1027 2483 Ortum
1043 2449 1220 2489 clementer]
1242 2451 1251 2467 ‘
1263 2449 1485 2487 Clementer,'
1501 2449 1535 2480 id

89 2501 229 2533 ‘Infelix
240 2507 448 2544 puer-,atque
460 2503 570 2544 impar
583 2513 783 2543 congressus
837 2507 901 2538 est,
917 2503 1023 2540 lente,
1039 2499 1182 2531 modice.
1229 2499 1271 2530 In
1288 2507 1402 2529 verum
1421 2503 1534 2530 traxe-

87 2550 235 2583 Achilli?
268 2553 334 2584 Sed
350 2562 426 2584 eum
442 2552 611 2593 fugiebat,
628 2553 716 2583 viros
734 2561 782 2583 ro·
838 2555 915 2583 rant
941 2559 1109 2581 rumorem
1136 2550 1229 2580 illum
1246 2548 1459 2589 proditionis,
1477 2549 1536 2590 qui

86 2599 298 2633 bustissimos
324 2613 344 2633 a
367 2602 479 2643 poetis
498 2603 684 2643 saepissime
702 2612 782 2643 pue-
837 2611 897 2642 per
912 2599 1099 2632 exercitum
1117 2598 1238 2629 leviter
1255 2597 1461 2629 insonuerat.
1487 2597 1534 2628 A.

85 2659 140 2680 ros
161 2650 240 2690 dici,
263 2656 299 2682 et
325 2661 405 2683 sane
421 2653 574 2684 Troilum
590 2652 783 2684 robustissi-
837 2651 969 2683 chillem
987 2654 1100 2680 autem
1116 2647 1320 2688 proditionis
1336 2653 1535 2687 suspectum

85 2707 175 2729 mum
200 2703 235 2730 et
257 2699 472 2733 fortissimum
496 2702 694 2733 describunt
711 2702 783 2733 Ho-
836 2699 1020 2737 habebant,
1032 2702 1173 2738 propter
1183 2706 1328 2729 amorem
1341 2697 1536 2740 Polyxenaee.

87 2756 213 2787 merus,
233 2749 371 2780 Tzetzes
403 2751 438 2782 in
474 2751 648 2793 Lycophr.
674 2753 782 2784 Dares
878 2754 892 2770 ⁰
914 2747 1044 2787 Juvem']
1066 2746 1203 2778 Achilli.

86 2795 266 2839 Phrygius,
280 2803 316 2830 et
332 2799 400 2831 alii.
879 2798 895 2819 ‘¹
916 2797 946 2830 A
965 2795 1068 2837 Duce]
1092 2795 1236 2828 Achille.
