1915 3231
264 158 347 198 262
732 170 943 202 mc‘rYos
977 171 1247 204 CRETENSIS

263 261 369 314 [17.]
400 261 516 302 Dein
537 261 701 313 Graeci,
724 265 847 306 veriti
867 279 920 306 ne
942 279 1020 320 per
1047 279 1218 308 moram
1248 267 1501 308 interventu
1521 265 1708 320 hyemis,

264 340 367 380 quae
402 328 647 381 ingruebat,
669 330 726 371 ab
757 332 1003 383 navigando
1033 332 1385 383 excluderentur,
1419 332 1635 373 deductas
1664 331 1708 372 in

265 407 384 435 mare
421 407 555 436 naves
594 396 829 448 remigibus
868 397 1135 452 reliquisque
1172 399 1363 440 nauticis
1407 398 1708 440 instrumentis

265 460 516 514 complent:
550 467 684 515 atque
707 463 770 503 ita
790 475 889 504 cum
911 463 980 505 his
1002 478 1101 517 quae
1122 464 1280 517 singuli
1300 465 1453 519 praeda
1471 465 1708 505 multorum

264 540 479 568 annorum
499 529 795 582 quaesiverant
811 534 836 550 W
866 529 1120 572 discedunt.
1184 531 1353 572 AEneas
1375 531 1494 584 apud
1526 530 1707 583 Trojam

262 599 427 644 manet,
445 595 521 648 qui
549 600 655 648 post
684 595 943 637 Graecorum
973 597 1285 650 profectionem
1306 605 1491 639 cunctos
1511 610 1569 638 ex
1591 597 1706 638 Dar-

263 661 413 711 dano,'‘
445 667 575 715 atque
597 675 657 703 ex
676 663 883 715 proxima
903 664 1166 716 peninsulay
1199 664 1308 715 adit,
1339 668 1437 705 orat
1471 663 1535 704 uti
1557 676 1708 704 secum

261 727 530 769 Antenorem
552 741 682 781 regno
705 730 941 782 exigerent.
1001 729 1117 781 Quae
1139 734 1388 784 postquam,
1409 741 1632 784 praeverso
1652 728 1707 769 de

263 808 312 835 se
342 795 512 843 nuntio,
547 793 758 835 Antenori
790 797 968 848 cognita
997 800 1117 847 sunt,
1147 797 1396 850 regrediens
1427 796 1485 838 ad
1513 796 1709 850 Trojam,

261 860 520 914 imperfecto
559 861 737 913 negotio
778 861 901 903 aditu
941 862 1212 916 prohibetur.
1270 863 1342 904 Ita
1379 866 1564 904 coactus
1606 874 1708 902 cum

261 927 378 967 omni
415 927 676 980 patrimonio
708 928 764 968 ab
804 927 942 980 Troja
977 928 1175 981 navigat,
1206 928 1466 982 devenitque
1501 928 1558 968 ad
1593 940 1710 969 mare

261 992 574 1043 Adriaticum,z
603 992 767 1034 multas
783 994 952 1034 interim
973 998 1119 1046 gentes
1146 995 1357 1035 barbaras
1381 997 1711 1047 praetervectus:

259 1061 412 1113 ibique
451 1059 678 1101 constituit
706 1059 775 1100 his
806 1060 881 1113 qui
915 1073 1065 1101 secum
1098 1060 1413 1113 navigaverant
1447 1060 1705 1111 civitatem,¹

260 1125 532 1179 appellatam
554 1125 790 1180 Corcyram
813 1125 1087 1167 Melaenam.⁸
1145 1125 1347 1167 Ceterum
1377 1127 1496 1180 apud
1525 1126 1707 1180 Trojam

258 1197 497 1246 postquam
527 1192 647 1234 fama
673 1196 739 1234 est
759 1191 1026 1234 Antenorem
1055 1205 1189 1244 regno
1219 1193 1422 1246 potitum,
1445 1193 1608 1243 cuncti,
1630 1193 1710 1247 qui

258 1259 371 1299 bello
393 1258 556 1299 residui
571 1263 828 1300 nocturnam
848 1259 1041 1300 civitatis
1064 1259 1238 1300 cladem
1260 1265 1512 1309 evaserant,
1532 1258 1588 1300 ad
1609 1272 1709 1300 eum

260 1324 502 1376 confluunt,
524 1326 738 1380 brevique
757 1326 908 1379 ingens
929 1326 1092 1368 coalita
1114 1326 1376 1368 multitudo:
1409 1329 1558 1367 tantus
1587 1338 1710 1366 amor

259 1403 362 1443 erga
382 1391 665 1442 Antenorem,
685 1398 820 1446 atque
840 1392 991 1446 opinio
1016 1393 1249 1446 sapientiae
1270 1394 1541 1434 incesserat:
1572 1392 1709 1446 fitque

257 1457 462 1511 princeps
488 1458 697 1499 amicitiae
727 1459 821 1513 ejus
851 1472 931 1500 rex
952 1459 1253 1501 Cebrenorum
1276 1458 1530 1501 (Euideus.b
1589 1458 1708 1499 Haec

258 1537 340 1577 ego
360 1523 558 1565 Gnosius
580 1525 755 1578 Dictys,
786 1538 932 1566 comes
954 1525 1201 1576 Idomenei,
1224 1526 1485 1580 conscripsi,
1511 1525 1708 1566 oratione

257 1602 313 1631 ea
336 1603 469 1644 quam
491 1591 682 1632 maxime
703 1592 816 1633 inter
835 1596 922 1632 tam
944 1591 1119 1634 diversa
1136 1592 1347 1646 loquendi
1377 1603 1533 1644 genera
1553 1603 1707 1632 conse-

863 1729 1107 1743 OOOOOOONOOO

299 1816 313 1845 l
342 1815 471 1856 Dciph.
487 1814 539 1845 ubi
557 1824 624 1846 cum
638 1814 689 1846 his
703 1825 732 1855 q.
749 1825 776 1847 s.
790 1825 822 1846 n.
839 1826 863 1848 c.
880 1816 995 1849 condit.

917 1942 1057 1975 NOTAE

1634 2014 1703 2046 Sed

254 2015 433 2055 Eurysacis
450 2015 603 2046 meminit
621 2015 778 2046 Eustath.
802 2014 836 2046 in
854 2015 897 2046 11.
913 2020 950 2047 A.

294 2071 314 2085 W
338 2065 455 2096 Proecla
480 2067 645 2097 multorum
670 2075 820 2096 annorum
840 2066 951 2106 quoesi-

250 2114 375 2154 verant]
399 2114 525 2146 Praeda
541 2120 595 2146 est
612 2116 699 2145 sexti
717 2124 825 2146 casus.
858 2115 949 2145 Proe-

250 2165 291 2194 cla
320 2164 537 2204 quaesiverant.
590 2164 631 2195 Id
669 2169 732 2204 est,
762 2164 950 2205 praedaudo

251 2214 491 2254 quaesiverant.

292 2269 308 2284 ¹
335 2264 388 2294 Ex
407 2262 575 2302 Dardano]
609 2262 787 2294 Dardanus
808 2267 844 2294 et
860 2264 951 2295 Dar-

250 2313 371 2343 danum
400 2313 478 2343 urbs
507 2313 586 2352 fuit,
607 2312 649 2344 ab
675 2312 798 2354 Abydo
820 2313 949 2345 distans

249 2365 303 2394 70.
318 2361 447 2393 stadiis.
500 2362 566 2393 Sed
584 2362 649 2398 hic,
672 2363 804 2404 opinor,
820 2363 947 2395 Darda-

248 2422 321 2442 num
337 2411 436 2449 dixit,
454 2421 515 2451 pro
533 2412 670 2451 regione
686 2412 882 2444 Dardaniae.

290 2467 303 2487 Υ
328 2461 381 2491 Ex
396 2461 538 2500 proxima
554 2460 730 2501 pertinenia]
755 2462 881 2493 Nescio
896 2471 947 2494 sa-

248 2519 291 2540 ne
308 2519 406 2551 quam
424 2510 477 2541 hic
494 2510 704 2550 peninsulam
721 2511 850 2551 cogitet
864 2512 947 2543 Dic-

249 2566 316 2601 tys,
332 2560 392 2591 nisi
416 2561 523 2601 ipsam
550 2562 797 2594 Chersonesum
823 2563 946 2595 inteili-

247 2610 308 2649 git.

290 2665 303 2679 2
326 2660 521 2700 Devenitque
550 2662 590 2691 ad
619 2670 703 2692 mare
732 2661 946 2702 Adriaticum]

250 2709 354 2740 Certe
385 2709 510 2741 Noster
546 2709 702 2743 audierat
732 2710 944 2742 Antenorem

1004 2025 1097 2047 mare
1133 2014 1347 2047 Adriaticum
1384 2013 1573 2046 devenisse.

1004 2075 1079 2096 cum
1101 2065 1165 2096 hoc
1188 2065 1287 2096 nimis
1309 2065 1426 2096 tritum
1451 2069 1487 2096 et
1504 2065 1643 2105 vulgare
1660 2065 1708 2096 vi·

1004 2114 1153 2153 deretur,
1169 2114 1242 2154 ipse
1262 2114 1381 2145 maluit
1398 2113 1605 2145 Antenorem
1621 2115 1702 2145 ΤΙ-ο-

999 2163 1048 2203 jae
1065 2164 1226 2198 retinere,
1242 2168 1278 2194 et
1293 2163 1431 2194 AEneam
1449 2163 1482 2194 in
1498 2172 1588 2194 mare
1601 2163 1704 2195 Adri-

1004 2214 1131 2245 aticum
1143 2213 1327 2245 deducere.

1044 2267 1059 2283 ss
1094 2263 1292 2303 Appellatam
1320 2263 1490 2303 Corcyram
1518 2262 1702 2304 Meloemzm]

1002 2314 1149 2356 Corcyra
1166 2314 1325 2353 Melaena,
1343 2313 1378 2344 id
1401 2318 1465 2353 est,
1483 2313 1633 2354 Corcyra
1652 2314 1701 2344 ni-

1001 2373 1074 2405 gra,
1091 2364 1198 2394 insuia
1214 2363 1315 2394 maris
1332 2362 1502 2394 Adriatici
1523 2368 1602 2394 ante
1621 2363 1702 2404 my-

999 2414 1120 2454 ricum,
1134 2414 1168 2444 in
1184 2423 1251 2454 qua
1267 2412 1384 2443 urbem
1407 2421 1427 2442 a
1443 2411 1572 2442 Cnidiis
1587 2413 1702 2443 condi-

1000 2467 1082 2502 tam,
1097 2462 1206 2494 refert
1222 2461 1349 2494 Strabo
1367 2469 1434 2492 vu.

1042 2512 1057 2534 b
1080 2513 1152 2544 Rex
1170 2512 1374 2543 Cebrenorum
1391 2509 1559 2550 OEnideus]
1574 2509 1701 2542 Cebre-

1001 2561 1036 2593 ni
1054 2563 1107 2593 vel
1130 2560 1300 2593 Cebrenia
1320 2559 1415 2600 regio
1438 2559 1471 2590 in
1495 2559 1630 2590 Troade
1655 2559 1698 2590 ad

1003 2610 1260 2649 Scamandrum,
1288 2609 1332 2640 de
1361 2619 1429 2650 qua
1457 2607 1531 2639 fuse
1560 2609 1700 2648 Strabo,

1001 2669 1083 2692 xm.
1112 2659 1202 2691 alibi.
1247 2658 1336 2690 Haec
1366 2661 1441 2688 erat
1471 2657 1533 2688 sub
1567 2657 1699 2689 ditione

999 2710 1126 2742 Priami
1140 2720 1148 2741 ε
1174 2708 1263 2741 unde
1278 2709 1383 2749 igitur
1400 2712 1543 2748 repente
1558 2716 1619 2739 rex
1635 2708 1698 2739 iste
