1915 3231
258 261 313 301 60
597 269 700 300 JAc.
735 269 985 301 Pmuzonn
1024 269 1350 302 mssmerrio

259 368 345 409 sibi
365 368 555 422 mihique
575 369 809 422 perniciem
839 369 1077 410 machinati
1099 368 1227 410 sunt-⁹
1284 368 1428 410 Solita
1449 368 1699 423 Syntaxeos

258 435 459 488 analogia
477 436 694 488 postulat,
714 439 761 477 ut
782 436 1000 477 scribatur
1018 436 1106 486 hic,
1129 439 1142 457 ‘
1160 434 1378 489 gestiant?

315 512 391 542 111.
419 501 492 542 25.
522 502 755 556 ‘Namque
784 503 827 543 hi
857 502 1030 556 (fratres
1059 501 1269 556 Helenae)
1299 502 1495 544 execrati
1522 501 1698 543 facinus

257 568 369 621 ejus,
388 581 440 608 ne
459 568 505 609 in
524 569 729 610 militiam
759 570 936 623 quidem
957 570 1189 611 nobiseum
1209 569 1559 623 conjuraverunt,
1579 568 1699 610 seili-

255 638 327 676 cet
346 647 401 676 ne
418 647 552 688 quam
574 636 724 677 audire
738 637 1003 678 incolumem
1022 637 1203 687 nollent,
1220 637 1258 677 ei
1280 648 1357 690 per
1375 648 1423 676 se
1442 635 1631 676 reditum
1653 636 1700 677 in

254 701 444 755 patriam
477 703 754 755 quaererent!
814 703 977 754 Nemo,
1011 703 1184 756 opinor,
1219 702 1413 755 negabit,
1450 702 1526 754 qui
1565 702 1697 743 modo

255 769 442 809 animum
483 768 680 810 attendet
721 769 777 810 ad
816 769 906 810 loci
929 782 1104 819 nexum,
1140 774 1186 810 et
1225 767 1473 818 ‘reditum,'
1510 768 1566 809 de
1606 781 1697 822 quo

254 834 406 886 agitur,
445 835 548 888 quin
588 838 631 876 et
661 835 706 875 in
741 835 959 888 prioribus
988 834 1304 876 restituendum
1334 835 1408 884 sit,
1439 834 1605 875 ‘redire
1633 836 1699 876 in-

253 900 350 941 eol?

311 977 376 1008 lv·
406 967 476 1008 12.
504 971 517 989 ‘
538 968 656 1009 Dein
686 968 915 1021 plurimos,
935 968 1001 1009 uti
1031 981 1248 1021 quemque
1267 968 1379 1009 intra
1399 967 1548 1018 telum,
1568 967 1698 1018 ferit,'

252 1033 435 1082 scilicet,
475 1035 488 1054 ‘
508 1033 723 1075 habebat?
783 1033 874 1074 Sed
902 1033 1052 1074 durior
1080 1037 1146 1074 est
1173 1034 1268 1075 haec
1299 1034 1482 1087 ellipsis,
1517 1039 1563 1074 et
1594 1034 1696 1075 ideo

250 1097 422 1139 videtur
450 1099 698 1152 legendum,
731 1101 745 1120 ‘
765 1098 830 1139 uti
851 1098 1074 1152 quisque.'
1132 1099 1209 1140 Sic
1233 1109 1287 1140 11.
1321 1099 1364 1139 2.
1393 1102 1404 1119 ‘
1423 1099 1485 1139 uti
1507 1099 1697 1152 quisque

250 1163 296 1203 in
326 1177 482 1206 manus
519 1169 696 1207 venerat
718 1163 745 1206 ε’
772 1166 842 1206 vel
883 1168 896 1186 ‘
914 1177 1267 1218 unumquemque
1287 1167 1401 1206 intra
1421 1165 1580 1215 telum,'
1610 1166 1698 1206 sci-

249 1230 352 1271 licet
383 1234 396 1252 ‘
413 1232 703 1273 existentem?

307 1308 374 1338 ιν.
401 1298 466 1338 18.
509 1299 606 1339 ‘De
653 1298 780 1352 cujus
822 1299 1001 1339 oraculo
1037 1298 1311 1339 imminentia
1340 1298 1547 1351 Trojanis
1580 1299 1697 1339 mala

249 1376 348 1404 cum
370 1366 664 1417 cognovisset,
686 1366 798 1406 ultro
819 1364 1067 1418 supplicem
1099 1365 1156 1405 ad
1186 1378 1266 1405 eos
1296 1364 1549 1406 decurrere.’
1607 1364 1696 1405 Re-

247 1429 331 1471 fert
351 1431 499 1484 priora
530 1432 624 1473 haee
645 1431 778 1472 Anna
810 1432 865 1472 ad
896 1434 910 1453 ‘
927 1444 1073 1473 senem
1097 1431 1350 1485 parentem,'
1369 1431 1452 1472 hoc
1489 1435 1572 1481 est,
1603 1430 1696 1471 An-

247 1496 415 1547 chisen,
434 1501 477 1538 et
505 1497 601 1551 ejus
622 1498 761 1538 filium
782 1498 968 1538 AEneam
986 1511 996 1549 ;
1027 1499 1276 1550 posteriora
1302 1499 1453 1538 nescio
1474 1502 1613 1539 utrum
1636 1498 1694 1538 ad

248 1563 434 1604 AEneam
467 1577 660 1617 quoque,
684 1577 741 1605 an
776 1564 832 1605 ad
867 1563 1109 1605 Helenum.
1170 1564 1256 1604 Sed
1288 1564 1583 1605 certissimum
1613 1568 1693 1614 est,

248 1629 470 1671 excidisse
501 1635 604 1671 ante
641 1631 738 1672 haee
757 1631 894 1672 verba
933 1631 1117 1683 aliquid,
1148 1634 1193 1671 et
1222 1631 1484 1671 mentionem
1516 1631 1693 1683 quidem

246 1695 485 1749 Apollinis,
505 1709 558 1737 ea
578 1709 682 1738 vero
704 1697 858 1738 deinde
888 1697 1062 1738 Heleno
1098 1700 1265 1738 tantum
1294 1697 1593 1748 intelligenda,
1614 1698 1692 1750 qui

246 1774 306 1802 ex
336 1765 349 1783 ‘
369 1761 571 1803 oraculo'
592 1762 833 1816 Apollinis,
861 1763 987 1817 cujus
1018 1767 1115 1803 erat
1145 1767 1283 1812 vates,
1315 1767 1326 1786 ‘
1343 1763 1461 1804 mala
1480 1763 1690 1817 Trojanis

245 1829 520 1870 imminentia
551 1829 843 1882 cognoverat,'
874 1834 919 1871 et
948 1828 1050 1870 ideo
1080 1829 1216 1870 ‘ultro
1247 1828 1304 1869 ad
1336 1828 1520 1870 Graecos
1540 1829 1690 1871 decur-

245 1894 400 1936 rebat?

303 1972 368 2001 v1.
398 1961 467 2002 13.
498 1962 590 2004 ‘Ut
627 1975 770 2004 sermo
808 1963 1028 2004 hominum
1069 1962 1313 2003 ferebatur?
1372 1962 1589 2014 Legerim,
1620 1964 1690 2005 vel

235 2025 413 2081 ferebat.
473 2028 547 2069 Sic
566 2028 663 2070 Liv.
686 2040 721 2069 1.
745 2030 820 2072 45.
849 2033 862 2050 ‘
879 2029 1021 2070 Fama
1039 2028 1122 2069 fert
1152 2028 1196 2069 id
1228 2041 1329 2070 esse
1347 2028 1541 2070 factum.'
1592 2030 1687 2072 Cic.

245 2091 331 2133 Off.
356 2103 430 2132 111.
460 2093 501 2135 9.
537 2096 548 2115 ‘
566 2094 757 2135 AEneum
777 2107 955 2148 equum,
975 2098 1022 2136 ut
1047 2095 1185 2136 ferunt
1216 2095 1396 2144 fabulae,
1416 2096 1690 2138 animadver-

242 2157 319 2198 tit.'
370 2159 496 2201 Fam.
520 2164 553 2201 1.
575 2161 616 2201 9.
648 2164 661 2182 ‘
677 2166 726 2202 ut
746 2174 844 2202 mea
860 2162 1009 2215 opinio
1027 2160 1142 2202 fert?
1198 2161 1299 2210 Vel,
1321 2164 1334 2182 ‘
1348 2161 1577 2204 sermone.'
1616 2163 1690 2204 Ita

243 2225 342 2266 Liv.
366 2236 399 2266 1.
420 2226 489 2267 42.
520 2229 534 2248 ‘
551 2226 615 2268 Ut
634 2229 797 2280 posteri
829 2228 946 2269 fama
976 2228 1137 2269 ferrent
1168 2227 1438 2268 conditorem
1461 2219 1689 2270 Servium.'

243 2292 348 2332 Sall.
371 2291 470 2333 Cat.
491 2292 533 2334 8.
564 2293 684 2334 ‘Res
704 2293 1039 2336 Atheniensium
1069 2294 1294 2347 aliquanto
1323 2294 1513 2335 minores
1549 2295 1686 2346 fuere,

243 2371 376 2410 quam
396 2359 516 2399 fama
536 2360 756 2401 feruntur?

299 2435 384 2464 XL.
417 2425 577 2478 Neque
597 2439 699 2468 vero
717 2428 872 2469 mirum
891 2428 987 2470 haec
1012 2431 1056 2468 et
1078 2426 1238 2467 similia
1259 2438 1286 2466 a
1304 2425 1494 2466 librariis
1515 2426 1683 2479 passim

242 2491 411 2539 vitiata,
435 2504 534 2532 eum
554 2492 683 2534 etiam
705 2494 786 2534 viri
807 2493 1066 2542 doctissimi,
1087 2493 1162 2545 qui
1181 2495 1306 2532 notas
1335 2492 1378 2531 in
1396 2491 1508 2532 hunc
1530 2497 1684 2533 aucto-

241 2570 329 2596 rem
351 2557 579 2610 scripsere,
600 2560 740 2601 multa
761 2560 1042 2602 Latinissime
1072 2558 1192 2599 dieta
1221 2561 1386 2597 temere
1414 2569 1592 2609 prorsus
1613 2571 1685 2599 so-

240 2622 512 2665 licitaverint.
572 2624 741 2679 Magna
771 2639 920 2667 eorum
953 2638 1077 2678 seges
1097 2636 1154 2666 ex
1183 2622 1251 2664 Cl.
1273 2621 1501 2674 Vindingii
1521 2624 1682 2665 notulis

241 2688 388 2739 colligi
430 2696 599 2741 posset,
635 2692 720 2732 nisi
764 2694 858 2746 jam
898 2692 1129 2734 absolvere
1176 2690 1290 2730 hanc
1329 2688 1680 2731 dissertationem

241 2754 409 2795 animus
431 2756 568 2798 ferret,
631 2758 897 2812 Speciminis
916 2762 1061 2800 tamen
1080 2758 1181 2798 loco
1199 2754 1421 2809 sequentia
1443 2754 1566 2795 habe.
