1915 3231
294 326 378 367 :320
796 336 1010 367 DARE'rrs
1044 336 1250 367 PHRYGu

296 434 432 472 noctu
473 431 603 484 legati
644 430 834 472 vadunt:
878 429 1069 472 occurrit
1097 430 1187 471 illis
1228 430 1402 470 Dolon¹
1434 442 1489 470 ex
1522 428 1741 482 Trojanis.

296 497 389 548 Qui
411 511 512 540 cum
533 498 916 551 interrogarentur,
939 496 1046 550 quid
1062 496 1125 537 ita
1140 497 1291 536 armati
1308 500 1440 537 noctu
1460 496 1515 537 ad
1532 495 1743 549 oppidum

296 565 547 616 venissent3
578 564 782 606 dixerunt
814 576 861 604 se
898 563 954 604 ab
985 561 1316 616 Agamemnone
1345 563 1518 615 legatos
1541 562 1597 603 ad
1620 562 1741 603 Pria-

296 644 417 671 mum
448 631 625 671 missos.
685 630 813 681 Quos
843 633 892 670 ut
917 629 1122 669 Priamus
1145 629 1317 670 audivit
1337 630 1526 679 venisse,
1558 633 1602 671 et
1633 629 1745 670 desi·

298 698 463 739 derium
485 711 611 738 suum
631 697 915 750 exposuisse,
933 696 977 736 in
998 696 1231 736 consilium
1253 709 1405 736 omnes
1428 695 1564 737 duces
1584 707 1747 736 convo—

299 770 384 807 cat.
444 764 619 815 Quibus
659 765 788 805 resert
822 764 991 815 legatos
1029 763 1200 804 venisse
1241 764 1298 803 ab
1333 762 1674 816 Agamemnone,
1704 765 1747 803 et

298 831 496 873 inducias
524 831 580 872 ad
600 831 830 872 triennium
851 835 1018 883 petere.
1080 830 1266 871 Hectori
1288 835 1542 884 suspectum
1562 829 1747 878 videtur,

299 898 421 951 quod
456 902 544 939 tam
575 897 751 950 longum
783 901 958 950 tempus
990 897 1306 949 postulassent.
1369 897 1573 937 Priamus
1604 896 1747 937 dicere

297 966 495 1018 imperat,
518 964 625 1017 quid
659 965 821 1017 cuique
855 963 1074 1005 videatur:
1106 964 1310 1004 omnibus
1338 964 1552 1016 placitum
1579 966 1661 1011 est,
1683 963 1748 1003 in-

300 1031 455 1071 ducias
477 1032 519 1071 in
538 1032 771 1071 triennium
792 1031 904 1072 dari.
941 1031 1126 1071 Interim
1147 1030 1330 1083 Trojani
1348 1031 1507 1071 moenia
1522 1033 1748 1078 renovant,

301 1110 406 1138 suos
428 1098 605 1138 saucios
641 1103 814 1146 curant,
845 1110 943 1138 cum
975 1098 1144 1149 ingenti
1167 1098 1330 1137 honore
1351 1109 1456 1137 suos
1477 1097 1664 1149 quisque
1683 1095 1749 1135 fu·

301 1168 438 1205 nerat.
499 1164 610 1217 [23]
639 1164 838 1217 Tempus
873 1177 1032 1217 pugnae
1075 1164 1329 1216 supervenit
1363 1167 1464 1216 post
1499 1163 1749 1203 triennium.

303 1230 475 1271 Hector
496 1235 539 1271 et
557 1231 735 1271 Troilus
757 1231 1002 1272 exercitum
1025 1231 1219 1271 educunt
1238 1243 1336 1271 cum
1359 1230 1515 1270 AEnea.
1585 1230 1751 1270 Contra

303 1297 621 1351 Agamemnon,
654 1297 903 1348 Menelaus,
936 1297 1146 1346 Achilles,
1176 1301 1219 1339 et
1244 1298 1481 1338 Diomedes
1504 1299 1749 1337 occurrunt.

305 1365 380 1406 Fit
401 1378 558 1418 magna
579 1366 739 1407 caedes.
800 1366 972 1407 Hector
1002 1365 1046 1405 in
1077 1366 1219 1419 prima
1250 1365 1347 1406 acie
1369 1364 1505 1405 duces
1525 1363 1752 1405 validissi-

303 1446 400 1473 mos
423 1433 642 1482 interficit,
675 1432 960 1486 Phidippum,
987 1432 1262 1485 Antiphum‚y
1291 1436 1334 1472 et
1357 1431 1632 1471 Merionem.z
1689 1429 1753 1471 A-

306 1500 459 1541 chilles
500 1500 788 1553 Lycaonem,a
828 1498 1228 1554 Euphorbumqueb
1267 1499 1448 1539 occidit.
1507 1497 1579 1538 Ex
1608 1501 1755 1538 cetera

305 1568 436 1620 plebe
456 1567 590 1608 multa
610 1567 747 1608 millia
762 1567 985 1607 hominum
1005 1579 1062 1607 ex
1083 1571 1265 1619 utraque
1288 1571 1414 1619 parte
1431 1565 1594 1606 cadunt
1611 1577 1621 1605 z
1644 1576 1754 1617 pug-

306 1639 439 1675 natur
475 1634 629 1674 acriter
659 1634 878 1675 continuis
908 1634 1065 1674 diebus
1096 1634 1287 1685 triginta.
1347 1633 1554 1673 Priamus
1576 1635 1624 1672 ut
1645 1630 1756 1671 vidit

306 1701 449 1741 multa
487 1701 624 1741 millia
662 1701 889 1742 hominum
921 1700 975 1741 de
1009 1713 1090 1741 suo
1126 1701 1321 1741 exercitu
1354 1699 1587 1747 cecidisse,
1623 1697 1756 1738 mittit

306 1768 476 1819 legatos
497 1767 554 1808 ad
574 1766 979 1820 Agamemnonem,⁰
1009 1772 1060 1808 ut
1092 1766 1293 1807 inducias
1315 1769 1511 1819 peterent
1531 1764 1755 1805 mensibus

308 1846 403 1875 sex.
463 1833 522 1874 Et
548 1846 605 1874 ex
626 1834 804 1874 consilii
829 1834 1054 1874 sententia
1078 1831 1382 1885 Agamemnon
1415 1831 1613 1872 concedit
1630 1830 1756 1870 indu-

310 1902 418 1944 cias.
477 1900 674 1953 Tempus
708 1913 864 1953 pugnae
899 1899 1183 1953 supervenit:
1225 1899 1382 1940 acriter
1414 1911 1493 1952 per
1523 1897 1755 1939 duodecim

965 2039 1106 2072 NOTAE

341 2120 357 2136 Χ
385 2116 414 2147 U
416 2117 509 2156 lysses
519 2119 548 2146 et
562 2115 731 2146 Diomedes
742 2118 833 2146 noctu
846 2116 943 2154 legati
952 2125 1006 2146 va-

309 2167 387 2196 dunt
400 2176 410 2196 .-
432 2165 566 2196 occurrit
580 2165 644 2196 illis
661 2165 782 2205 Dolon]
820 2165 1006 2196 Historiam

1104 2113 1118 2135 ¹²
1143 2114 1413 2155 Euphorbumque]
1448 2113 1516 2145 Sed
1540 2123 1614 2145 eum
1633 2114 1759 2147 Home-

1061 2175 1117 2196 rus
1134 2175 1153 2196 a
1174 2165 1333 2196 Menelao
1357 2163 1575 2196 interfectum
1595 2165 1691 2200 dicit,
1714 2165 1757 2197 ll.

311 2214 444 2254 Ulyssis
460 2219 496 2246 et
510 2214 686 2245 Diomedis
703 2215 755 2246 hic
769 2215 926 2245 immutat
940 2216 1006 2246 Da-

311 2275 378 2297 res.
423 2265 481 2296 Illi
504 2265 593 2296 enim
610 2269 711 2296 noctu
729 2265 770 2296 ad
786 2265 1008 2306 Trojanorum

311 2320 426 2346 castra
456 2315 688 2355 speculatores
715 2315 805 2345 missi
842 2315 1009 2346 Dolonem

311 2370 536 2405 exceperunt,
558 2364 615 2404 qui
639 2374 660 2395 a
680 2365 833 2405 Trojanis
858 2366 1010 2405 specula-

313 2419 368 2445 tor
403 2414 505 2445 etiam
538 2413 749 2446 mittebatur.
795 2414 882 2445 Vide
919 2414 1010 2455 apud

312 2464 455 2504 Dictyn.

355 2518 370 2540 Υ
392 2514 595 2554 Phidippum,
624 2513 813 2555 Antiphum]
851 2515 917 2546 Eos
941 2514 1012 2546 Ho-

313 2572 426 2594 merus
443 2562 644 2594 interfectos
659 2562 764 2595 fuisse
781 2573 846 2595 uon
864 2564 978 2596 tradit.

356 2619 368 2633 2
393 2614 436 2644 Et
455 2613 642 2652 Merionem]
665 2613 733 2643 Sed
752 2614 823 2654 jam
848 2623 963 2654 supra,
979 2624 1014 2654 p.

315 2665 392 2693 317.
408 2662 418 2680 ‘
433 2662 566 2693 Hector
589 2662 779 2694 Merionem
796 2663 1014 2704 persequitur

316 2716 352 2743 et
368 2711 518 2743 occidit!

358 2765 371 2780 ²
395 2760 533 2791 Achille-3
550 2761 737 2802 Lycaonem]
773 2762 828 2793 lta
846 2762 1013 2794 Homerus

316 2811 362 2890 {¹1
384 2815 419 2842 Φ.
470 2813 602 2853 Lycaon
632 2818 742 2845 autem
770 2814 895 2845 Priami
925 2815 1012 2846 filius

335 2867 391 2891 utt-

1062 2221 1094 2248 Ρ.
1120 2217 1212 2247 circa
1237 2215 1384 2247 cadaver
1407 2215 1570 2246 Patrocli.
1601 2213 1706 2255 Τόφρα
1726 2214 1762 2246 δέ

1062 2279 1112 2299 τοι
1127 2266 1297 2301 Μενέλαος,
1307 2265 1409 2306 ἀρήϊος
1422 2263 1547 2306 Ἀτρέος
1558 2264 1631 2305 υἱὸς,
1640 2263 1760 2305 Πατρό-

1063 2324 1130 2357 κλῳ
1143 2317 1281 2356 περιβὰς,
1295 2316 1404 2355 Τρώων
1422 2316 1479 2347 τὸν
1492 2315 1619 2357 ἄριστον
1634 2314 1760 2356 ἔπεφνε,

1066 2367 1239 2404 Πανθοΐδην
1262 2367 1433 2407 Εὔφορβον.
1461 2366 1622 2397 ‘Interim
1647 2370 1760 2397 autem

1065 2419 1241 2450 Menelaus
1264 2417 1442 2448 bellicosus
1459 2415 1559 2446 Atrei
1578 2414 1677 2455 filius,
1692 2415 1761 2446 Pa-

1065 2468 1207 2502 troclum
1232 2465 1432 2504 defendens,
1447 2465 1670 2505 Trojanorum
1693 2463 1762 2494 for-

1065 2517 1229 2548 tissimum
1239 2515 1375 2555 occidit,
1383 2514 1599 2547 Panthoiden
1608 2514 1763 2555 Euphor.

1066 2565 1170 2597 bum.'

1108 2621 1122 2636 ‘²
1144 2615 1251 2647 Mittit
1277 2614 1395 2652 legatos
1416 2614 1457 2644 ad
1481 2612 1759 2655 Agamemnonem]

1068 2666 1170 2701 Nota,
1187 2664 1431 2704 ineptissimum
1453 2663 1542 2694 hunc
1561 2663 1761 2704 scriptorem

1067 2717 1113 2748 ita
1141 2714 1367 2746 narrationem
1389 2722 1482 2744 suam
1506 2713 1704 2753 instituisse,
1724 2718 1763 2744 ut

1068 2767 1208 2797 Graecos
1229 2768 1264 2796 et
1291 2763 1454 2804 Trojanos
1480 2772 1541 2804 per
1563 2763 1653 2795 vices
1667 2763 1761 2795 indu-

1066 2816 1133 2847 cias
1151 2819 1307 2856 petentes
1319 2814 1471 2845 inducat.
