1915 3231
504 292 566 322 DE
598 291 835 323 ffls'romA
872 291 1014 321 enum
1047 291 1278 322 TROJANI.
1546 283 1602 323 57

161 393 175 412 ‘
194 403 324 444 quem
358 395 531 442 gratum
567 395 889 444 acceptumque
924 390 969 447 in
1001 389 1229 430 exercitu.'
1287 388 1489 432 Ceterum
1518 392 1602 433 hoc

157 457 259 497 loco
281 456 421 508 agitur
441 456 495 497 de
515 468 678 505 amore,
697 468 788 496 non
808 469 897 509 quo
914 455 1175 497 Palamedes
1193 456 1433 497 exercitum
1451 470 1602 510 prose-

159 523 390 575 quebatur,
411 523 489 564 sed
509 537 600 577 quo
623 523 849 565 exercitus
869 523 1029 576 ipsum,
1050 525 1064 544 ‘
1079 522 1171 575 regi
1194 523 1250 563 ab
1272 535 1325 563 6ο
1346 524 1544 576 cupiens,
1560 528 1604 565 et

158 588 415 630 tradendum
453 590 495 630 ei
526 590 754 643 imperium
786 589 935 642 palam
965 587 1180 642 loquens?
1238 588 1330 629 Hic
1359 601 1482 630 amor
1503 602 1602 630 eum

157 653 478 708 Agamemnoni
499 660 755 708 suspectum
772 658 816 696 et
834 654 1027 695 invisum
1049 654 1276 696 reddebat.

218 731 269 762 11.
290 721 361 762 21.
410 724 422 742 ‘
438 720 575 771 Quod
612 723 755 764 amice
795 723 1033 775 impetrare
1072 722 1299 775 nequitum
1339 721 1438 763 est.'
1494 722 1604 776 Ipsa

158 788 410 841 Syntaxeos
432 786 747 829 Grammaticae
768 788 883 829 ratio
910 787 1126 841 postulat,
1147 792 1196 828 ut
1215 788 1413 839 legamus
1438 791 1451 810 ‘
1467 789 1605 842 impe-

159 852 291 895 trari?
349 852 468 894 Vide
499 855 677 895 omnino
718 854 902 896 Festum
941 855 988 895 in
1020 854 1308 908 ‘nequitum,'
1336 856 1413 896 ubi
1443 860 1606 909 praeter

158 920 348 961 Pacuvii
377 925 422 961 et
452 920 605 962 Plauti
634 921 751 971 loca,
773 921 906 962 etiam
942 921 1039 962 haec
1073 921 1259 962 Catonis
1291 920 1436 963 Prisci
1466 923 1606 963 verba

158 988 318 1028 nostris
341 987 503 1029 similia
524 987 656 1041 plane
679 987 891 1041 reperies3
923 990 936 1009 ‘
951 987 1006 1028 Id
1034 987 1188 1028 fanum
1222 988 1445 1041 nequitum
1468 1001 1605 1029 exau-

160 1054 332 1108 gurari?
391 1053 518 1095 Adde
557 1054 702 1096 Plaut.
737 1054 856 1096 Rud.
890 1066 955 1096 IV.
975 1056 1015 1097 4.
1035 1055 1105 1096 20.
1137 1053 1228 1096 ‘Ut
1256 1055 1457 1109 nequitur
1491 1068 1606 1096 com·

160 1120 319 1174 primi?

220 1188 372 1230 11.‡26.
403 1188 618 1242 ‘Egregie
651 1188 832 1230 hercule
869 1192 1017 1230 actum
1046 1188 1174 1230 nobis
1193 1188 1292 1230 est.³
1349 1187 1604 1230 Borrichius

160 1255 243 1296 hoc
263 1254 476 1309 explicat,
498 1258 672 1296 ‘actum
704 1256 965 1306 nobiscum:
994 1261 1040 1297 et
1060 1257 1173 1297 inter
1202 1255 1365 1296 indicia
1387 1254 1605 1308 sequioris

161 1322 309 1363 aetatis
325 1321 466 1364 refert.
526 1322 621 1374 Ego
652 1335 754 1363 vero
785 1322 1056 1364 librariorum
1077 1323 1191 1363 hanc
1211 1334 1310 1363 esse
1342 1321 1519 1375 culpam
1539 1334 1607 1362 ar-

161 1388 306 1438 bitrer,
335 1401 422 1430 non
461 1388 663 1443 Septimii
694 1389 850 1442 ipsius,
882 1390 958 1443 qui
997 1390 1186 1443 scripsit,
1217 1389 1389 1442 opinor,
1428 1392 1605 1428 ‘actum

162 1454 318 1505 vobis,’
337 1468 436 1509 pro,
456 1468 483 1496 a
511 1456 656 1504 vobis,
686 1455 800 1496 haud
831 1455 960 1496 dubie
981 1457 1085 1508 quia
1115 1459 1334 1508 repererat
1362 1455 1408 1494 in
1430 1453 1606 1503 Graeco,

164 1525 317 1572 Καλῶς,
333 1524 390 1575 μοὶ
405 1520 497 1572 Δία,
513 1519 723 1576 πέπρακται
744 1523 841 1573 ὑμῖν.
892 1522 981 1563 Sed
999 1527 1045 1562 et
1066 1521 1215 1562 Latini
1238 1521 1379 1561 solent
1396 1520 1607 1561 Dativum

163 1590 224 1630 ita
237 1589 420 1642 jungere
439 1589 647 1641 passivis.
706 1588 885 1628 Sueton.
903 1586 1021 1639 Aug.
1038 1587 1078 1628 1.
1100 1591 1113 1608 ‘
1129 1585 1223 1627 Ara
1245 1585 1435 1626 Octavio
1457 1598 1609 1626 conse-

162 1654 317 1705 crata,'
347 1654 463 1696 Caes.
481 1655 551 1696 19.
581 1657 594 1675 ‘
608 1653 758 1707 Opera
779 1653 1071 1707 optimatibus
1093 1653 1197 1693 data
1219 1651 1315 1693 est?
1359 1652 1468 1693 Tac.
1490 1651 1607 1693 Ann.

163 1732 269 1761 xlv.
292 1722 360 1762 14.
391 1724 405 1743 ‘
421 1720 555 1771 Quod
576 1721 777 1773 Regibus
800 1721 1046 1762 factitatum
1067 1718 1367 1760 memorabat!

218 1799 270 1830 11.
290 1788 359 1830 31.
390 1790 403 1811 ‘
420 1787 589 1829 Cuncta
610 1792 809 1829 extrema
827 1792 950 1829 ratus
971 1787 1162 1841 experiri
1176 1785 1201 1837 ;’
1232 1785 1318 1827 hoc
1339 1788 1421 1833 est,
1444 1788 1605 1825 certus.

162 1855 248 1896 Sed
269 1859 420 1909 putem
438 1856 669 1909 scripsisse
682 1854 956 1907 Septimium,
977 1852 1209 1907 ‘paratus.’

220 1932 273 1962 11.
302 1921 370 1964 41.
420 1923 433 1942 ‘
450 1920 636 1975 Campo,
678 1922 755 1975 qui
789 1921 982 1973 reliquus
1012 1933 1099 1961 non
1137 1930 1296 1973 pugnae
1334 1922 1609 1971 opportunus

161 1988 279 2031 erat.'
336 1987 525 2030 Videtur
541 1987 787 2042 legendum,
806 1987 907 2041 ‘qui
927 1986 1140 2040 reliquus,
1160 1997 1241 2026 nec
1262 1997 1423 2038 pugnae
1447 1997 1608 2037 oppor-

161 2060 291 2097 tunus
313 2054 434 2096 erat?

222 2134 276 2164 ιι.
306 2123 377 2164 42.
410 2121 565 2173 ‘Quos
584 2122 755 2176 primus
784 2122 927 2163 hostis
959 2119 1227 2162 incesserat?
1288 2119 1406 2172 Lege
1428 2119 1606 2159 omnino

164 2193 177 2210 ‘
195 2188 386 2242 primos?
427 2189 638 2243 Sequitur
657 2192 768 2232 enim
788 2202 910 2238 mox,
932 2188 1129 2243 ‘jamque
1149 2187 1276 2237 fusis,
1299 2186 1377 2240 qui
1396 2186 1444 2226 in
1462 2184 1610 2226 medio

166 2261 290 2297 crant
307 2256 332 2307 ;'
362 2256 531 2298 scilicet
548 2257 659 2297 inter
678 2255 846 2310 primos
869 2260 912 2297 et
926 2252 1192 2309 postrem'os.

220 2335 275 2364 ιι.
303 2324 373 2366 46.
403 2326 416 2345 ‘
433 2323 495 2365 Ut
514 2336 733 2377 quemque
766 2335 861 2364 sors
883 2320 1254 2375 conglobaverat.⁷
1313 2319 1386 2369 Et,
1408 2320 1487 2360 ‘ad
1508 2332 1611 2373 pos-

164 2396 363 2441 tremum,
382 2391 447 2432 uti
479 2391 677 2444 quidque
699 2403 794 2431 sors
825 2390 1018 2438 dederat,
1048 2385 1329 2442 praeripiunt?
1389 2386 1433 2427 N
1437 2388 1612 2426 otarunt

164 2471 330 2508 omnes,
351 2459 407 2499 ab
428 2458 644 2511 Septimio
675 2458 900 2511 diligenter
927 2458 1089 2498 lectum
1118 2467 1218 2495 esse
1249 2453 1526 2501 Sallustium,
1549 2456 1612 2492 at·

165 2539 250 2578 que
273 2537 548 2579 expressum.
609 2524 696 2565 Ille
718 2537 825 2565 vero
845 2524 958 2564 hunc
988 2523 1034 2562 in
1068 2532 1241 2561 sensum
1262 2518 1433 2572 passim
1453 2521 1497 2558 et
1514 2518 1612 2558 ubi-

166 2605 250 2644 que
272 2595 285 2613 ‘
300 2590 406 2632 fors’
428 2591 623 2640 adhibet,
644 2590 673 2631 J
679 2604 747 2643 ug.
767 2590 837 2630 51.
868 2593 880 2609 ‘
898 2589 1012 2629 Fors
1033 2587 1178 2628 omnia
1197 2583 1370 2636 regerc,'
1391 2582 1461 2623 78.
1499 2585 1512 2603 ‘
1534 2583 1613 2624 Uti

165 2660 256 2701 fors
276 2658 402 2707 tulit:
421 2659 492 2700 97.
513 2658 647 2711 plane
664 2662 714 2698 ut
733 2658 821 2707 hic,
844 2659 857 2678 ‘
872 2654 1155 2702 Catervatim,
1175 2651 1238 2692 uti
1257 2650 1348 2691 fors
1370 2648 1612 2702 congloba-

164 2730 302 2777 verat,
339 2727 384 2766 in
422 2731 596 2766 nostros
635 2723 890 2765 incurrunt.'
950 2722 1113 2763 Noster
1153 2718 1285 2759 ctiam
1323 2715 1438 2757 infra
1462 2726 1507 2755 v.
1539 2715 1609 2756 12.

166 2795 178 2813 ⁶
200 2792 367 2833 coedcrc
405 2805 499 2842 eos,
531 2804 642 2845 quos
680 2791 772 2831 fors
813 2786 1059 2843 objecerat?
1119 2784 1207 2826 Sed
1240 2786 1283 2824 et
1314 2783 1357 2824 in
1390 2781 1609 2837 plerisque
