1915 3231
535 315 597 344 DE
629 314 786 344 BELLO
819 314 1043 344 TROJANO
1080 315 1170 344 [ΑΒ.
1203 316 1275 345 111.
1532 306 1614 348 187

174 409 326 449 dimita
355 411 526 457 ornattl,
558 407 710 449 effusis
748 408 846 449 hinc
878 411 1008 461 atque
1039 408 1143 449 inde
1177 409 1369 450 crinibus
1401 413 1614 463 precaba-

174 479 259 524 tur,
280 480 538 526 suggerente
558 475 644 514 sibi
665 462 913 527 Polyxenai
947 477 1206 527 apparatum
1237 475 1352 516 sacri
1373 476 1485 529 ejus.
1543 478 1614 519 Ac

174 545 265 581 tum
294 540 406 582 forte
428 539 640 590 Achilles,
659 542 802 581 versis
824 541 868 580 in
894 541 1170 593 Polyxenam
1192 542 1350 591 oculis,
1380 544 1616 595 pulchritu-

174 607 274 647 dine
313 607 493 660 virginis
532 608 734 660 capitur:
766 610 982 660 auctoque
1023 607 1067 647 in
1103 607 1233 648 horas
1274 608 1508 659 desiderio,
1538 611 1615 650 ubi

174 674 345 714 animus
366 687 452 714 non
471 674 641 723 lenitur,
664 673 721 714 ad
740 687 876 715 naves
899 674 1101 716 discedit.
1160 673 1248 714 Sed
1269 675 1344 714 ubi
1366 675 1460 716 dies
1480 678 1615 728 pauci

173 740 350 790 fluxere,
378 744 421 781 et
450 753 572 781 amor
602 741 743 793 magis
773 741 1056 793 ingravescit,
1093 741 1233 782 accito
1265 740 1616 792 Automedonte,

174 807 313 859 aperit
333 807 534 848 ardorem
553 807 714 849 animi:
745 807 801 848 ad
821 811 1086 861 postremum
1108 812 1264 860 rogat,2
1284 809 1350 849 uti
1370 808 1425 849 ad
1449 809 1619 850 Hecto-

173 886 265 914 rem
286 874 467 927 virginis
488 887 623 916 causa
641 875 739 916 iret.
800 875 971 916 Hector
984 888 1086 916 vero
1107 874 1313 916 daturum
1333 888 1380 916 se
1400 875 1447 916 in
1468 878 1616 918 matri-

173 941 366 981 monium
389 954 577 982 sororem
594 942 790 992 mandat,
821 942 860 983 si
881 943 965 983 sibi
984 942 1236 983 universum
1256 943 1494 983 exercitum
1516 956 1617 997 pro-

175 1005 328 1048 deret.¹‘
385 1009 466 1062 [3.]
498 1009 615 1051 Dein
635 1008 846 1059 Achilles,
869 1010 1114 1050 soluturum
1135 1022 1181 1050 se
1201 1022 1327 1050 omne
1349 1010 1508 1051 bellum
1535 1024 1617 1064 pro

178 1073 413 1126 Polyxena
434 1076 629 1125 tradita‚³
661 1077 903 1129 pollicetur.
960 1076 1074 1117 Tum
1096 1076 1280 1126 Hector,
1303 1080 1378 1118 aut
1407 1077 1619 1130 proditio-

175 1153 276 1181 nem
294 1142 349 1182 ab
365 1155 418 1182 eo
434 1143 786 1192 confirmandam,
800 1147 874 1184 aut
891 1143 1006 1183 filios
1021 1142 1262 1183 Plisthenis
1280 1148 1416 1196 atque
1430 1142 1619 1197 Ajacem

177 1207 532 1250 interficiendos:
566 1208 700 1250 alias¹
732 1210 787 1250 de
820 1210 897 1250 tali
930 1210 1104 1262 negotio
1139 1210 1250 1250 nihil
1284 1222 1331 1251 se
1352 1210 1618 1252 auditurum.

177 1274 244 1315 Ea
265 1276 339 1316 ubi
360 1276 559 1318 Achilles
591 1277 781 1329 accepit,
812 1278 875 1317 ira
904 1276 1101 1317 concitus
1133 1277 1368 1322 exclamat,
1403 1290 1450 1318 se
1487 1283 1622 1327 eum‚4

177 1353 276 1382 cum
307 1343 493 1395 primum
524 1347 697 1396 tempus
733 1343 925 1383 bellandi
957 1343 1086 1393 foret,
1107 1344 1446 1384 interemturum.
1506 1346 1620 1385 Dein

178 1408 308 1448 animi
322 1408 571 1461 jactatione
587 1410 781 1458 saucius,
798 1410 882 1450 huc
899 1413 1033 1462 atque
1046 1410 1150 1450 illuc
1167 1410 1387 1460 oberrans,
1403 1411 1620 1452 interdum

178 1478 319 1514 tamen
355 1482 574 1528 quatenus
606 1477 811 1529 praesenti
844 1477 1018 1528 negotio
1049 1476 1263 1517 utendum
1296 1484 1415 1518 esset
1444 1479 1621 1518 consul-

177 1544 279 1582 tare.
340 1542 404 1583 At
424 1544 499 1583 ubi
521 1556 620 1584 eum
640 1542 922 1583 Automedon
938 1542 1098 1595 jactari
1118 1543 1278 1592 animo,
1302 1547 1433 1596 atque
1462 1544 1505 1583 in
1525 1544 1620 1584 dies

177 1609 317 1660 magis
353 1612 580 1663 magisque
615 1614 802 1651 aestuare
834 1608 1074 1658 desiderio,
1111 1622 1164 1649 ac
1200 1614 1456 1662 pernoctare
1493 1616 1621 1652 extra

178 1674 362 1715 tentoria
399 1676 715 1725 animadvertit,
732 1677 911 1725 veritus,
943 1688 998 1715 ne
1036 1675 1140 1728 quid
1173 1675 1405 1716 adversum
1437 1690 1501 1726 se,
1543 1683 1622 1719 aut

183 1741 228 1780 in
258 1742 536 1795 supradictos
567 1756 687 1796 reges
717 1742 955 1791 moliretur,
977 1741 1187 1783 Patroclo
1219 1746 1351 1796 atquc
1371 1742 1502 1797 Ajaci
1532 1758 1622 1785 rem

178 1812 379 1849 cunctam
413 1810 571 1862 aperit.
631 1809 783 1863 Hique
815 1808 1094 1850 dissimulato
1116 1809 1235 1862 quod
1266 1810 1492 1851 audierant
1523 1824 1621 1852 cum

176 1888 272 1928 rege
288 1880 313 1896 ¹¹¹
345 1881 678 1918 commorantur.
719 1875 788 1917 Ac
808 1876 922 1917 forte
944 1876 1136 1929 quodam
1155 1881 1351 1931 tempore
1370 1878 1623 1919 recordatus

178 1943 262 1992 sui,
283 1945 538 1985 convocatis
559 1943 888 1996 Agamemnone
908 1947 951 1984 et
968 1942 1189 1993 Menelao,
1206 1945 1438 1996 negotium,
1461 1949 1506 1985 ut
1526 1958 1623 1997 ges-

177 2013 267 2050 tum
289 2015 396 2060 erat,
417 2011 763 2064 desideriumque
797 2011 931 2052 animi
967 2011 1135 2063 aperit:
1167 2024 1195 2051 a
1214 2011 1312 2064 quis
1334 2011 1553 2061 omnibus,
1573 2017 1625 2052 ut

177 2077 296 2118 bono
328 2079 475 2118 animo
508 2083 668 2130 ageret,
700 2078 1015 2131 respondetur:
1047 2079 1169 2119 brevi
1202 2079 1368 2132 quippe
1399 2078 1624 2119 dominum

180 2156 282 2184 eum
303 2145 394 2186 sore
412 2144 524 2198 ejus,
547 2151 709 2200 quamn
741 2145 1019 2199 deprecando
1050 2158 1134 2186 nou
1168 2145 1493 2200 impetraverit:
1525 2158 1622 2199 quae

781 2272 1021 2288 ““““““““““

177 2359 388 2392 inserendam
412 2364 509 2399 putat
532 2361 687 2391 voculam
714 2361 798 2393 hoec:
833 2362 871 2392 Ρ.
887 2372 912 2392 e.
932 2363 968 2392 C.
996 2362 1045 2392 M.
1071 2363 1136 2392 hoec
1158 2361 1245 2393 a.A.
1268 2362 1473 2392 antistes-Q
1497 2362 1624 2401 Delph.

178 2403 373 2444 quoesz'it.——3
399 2403 539 2434 Omittit
557 2404 678 2444 Delpli.
702 2413 820 2435 vocem
844 2405 1040 2435 tracium—4
1067 2404 1209 2435 Omittit
1234 2404 1360 2445 Delph.
1380 2414 1457 2444 eum,
1484 2409 1519 2436 et
1547 2414 1625 2434 mox

830 2518 970 2551 NOTAE

220 2595 228 2614 ἰ
249 2593 443 2634 Suggerente
456 2594 517 2625 sibi
532 2593 709 2635 Polyxena]
731 2592 792 2624 Ait
808 2593 874 2624 Po·
927 2592 1050 2625 modo!

178 2644 334 2684 lyxenam
350 2649 521 2676 auctorem
536 2648 571 2675 et
582 2653 752 2675 suasorem
768 2643 873 2675 fuisse
971 2648 994 2662 ¹¹¹
1019 2643 1096 2672 Cum
1109 2641 1195 2681 rege]
1223 2640 1367 2671 Achille.

178 2693 266 2724 illius
283 2694 378 2725 sacri.
970 2696 984 2711 ¹¹
1001 2691 1169 2722 Dominum
1182 2690 1328 2727 eumsore
1343 2689 1424 2731 ejus]
1439 2690 1622 2731 Scripsisse

223 2741 238 2762 k
261 2743 298 2774 Si
313 2743 373 2774 sz'bz'
389 2744 566 2775 universum
580 2744 750 2776 exercitum
762 2745 874 2784 prode·
928 2741 1046 2772 debuit
1060 2740 1192 2779 Dictys,
1207 2742 1215 2757 ‘
1226 2739 1406 2771 Dominum
1421 2750 1496 2772 eum
1510 2741 1540 2772 vi
1553 2741 1624 2772 fore

181 2793 245 2832 ret]
269 2793 392 2825 Nescio
410 2795 498 2825 uude
515 2795 575 2826 hoc
592 2796 730 2835 Dictys.
929 2793 1002 2832 ejus
1020 2788 1144 2832 (11181Ὁῖ
1161 2791 1226 2820 &C-

230 2841 353 2883 ¹AIins]
391 2845 494 2885 Nota,
523 2855 583 2885 pro
609 2846 617 2862 ‘
636 2844 757 2886 aliter,’
789 2848 797 2862 ‘
810 2844 875 2875 alio
