1915 3231
502 316 565 347 DE
598 314 835 346 His'ronlA
873 315 1014 345 ssssnm
1049 314 1279 345 TROJANI.
1552 305 1606 346 4?

158 424 243 454 suo
265 410 391 465 operi
411 410 698 465 praescripsit,
719 422 910 464 eumque
931 409 1061 450 finxit
1089 408 1316 450 Idomenei
1335 407 1608 450 Cretensium

157 480 296 534 reguli
317 478 454 519 fuisse
484 479 685 520 comitem
717 479 763 519 in
790 476 1074 531 expeditione
1102 489 1130 517 a
1151 474 1323 517 Graecis
1353 475 1398 515 in
1427 475 1610 529 Trojam

160 549 384 599 suscepta.
443 545 506 587 Ut
519 558 622 588 vero
637 558 747 600 opus
765 545 850 586 hoc
870 550 960 585 tam
978 545 1183 597 specioso
1199 543 1374 583 nomine
1396 546 1611 592 ornatum,

159 613 292 654 etiam
314 617 487 655 aetatem
510 613 682 666 antiqui
716 612 831 654 adeo
863 612 1059 652 auctoris
1089 611 1203 664 ipsis
1223 610 1364 652 veluti
1382 609 1526 650 oculis
1548 609 1613 650 in—

160 685 340 733 gereret,
355 681 536 734 scripsit
554 680 664 721 illud
684 680 843 721 ‘literis
860 678 1073 729 Punicis,'
1084 678 1238 732 quales
1247 681 1348 718 tunc
1365 681 1485 718 erant
1506 675 1613 718 Poe-

160 747 231 788 nis
252 747 297 787 in
318 760 417 796 usu,
440 752 484 789 et
504 747 710 800 qualibus
727 746 933 788 credebat
949 746 1279 799 antiquissimos
1302 745 1489 786 Graecos
1504 743 1612 784 olim

160 827 283 864 USOS,
304 816 410 867 quia
430 814 529 855 illos
546 814 701 854 literas
722 827 781 854 ex
798 813 1029 854 Phoenicia
1049 825 1127 866 per
1144 812 1360 854 Cadmum
1381 811 1615 864 accepisse

161 884 302 931 norat,
317 881 421 922 licet
439 880 623 921 Punicae
646 879 889 921 Neroniani
905 881 1115 933 temporis
1133 879 1274 921 literae
1291 879 1475 920 multum
1496 878 1615 919 haud

164 948 297 990 dubie
330 951 512 990 mutatae
541 948 636 1002 J'am
669 951 814 989 essent
837 948 894 988 ab
922 947 1024 997 illis,
1061 960 1170 1001 quas
1200 947 1303 987 olim
1341 946 1537 987 Cadmus
1569 946 1616 986 in

163 1015 386 1058 Graeciam
416 1016 634 1057 intulerat.
694 1015 916 1056 Praeterea
947 1015 1128 1068 scripsit
1155 1015 1263 1055 illud
1294 1014 1340 1055 in
1374 1011 1620 1067 ‘Philyris,’

164 1098 243 1126 seu
277 1087 289 1107 ‘
308 1083 466 1133 Tiliis‚'
496 1084 580 1125 hoc
617 1086 698 1134 est,
729 1083 802 1125 vel
833 1083 879 1123 in
904 1083 1084 1123 tabellis
1115 1081 1319 1131 tiliaceis,
1349 1081 1403 1122 de
1431 1092 1616 1133 quarum

165 1151 348 1204 antiquo
370 1154 414 1193 et
433 1149 654 1204 frequenti
683 1164 767 1192 usu
797 1154 895 1191 ante
922 1150 1138 1191 inventam
1160 1162 1375 1203 papyrum
1402 1152 1446 1189 et
1479 1161 1617 1189 mem-

163 1219 343 1260 branam
362 1230 690 1271 pergamenam,
710 1219 877 1270 egimus
898 1217 955 1258 ad
971 1217 1210 1266 AElianum,
1232 1215 1342 1258 Van
1364 1216 1484 1256 Hist.
1509 1226 1618 1256 xiv.

166 1285 236 1328 12.
295 1283 382 1325 Vel
403 1284 447 1324 in
464 1284 764 1325 voluminibus
786 1297 845 1325 ex
865 1285 996 1334 libro,
1017 1297 1093 1325 seu
1115 1284 1319 1324 interiore
1340 1283 1490 1324 tunica
1506 1283 1619 1325 inter

170 1352 378 1393 corticem
400 1356 446 1392 et
466 1352 630 1404 lignum
656 1351 781 1400 tiliae,
802 1351 1017 1400 formatis,
1037 1351 1082 1391 in
1100 1351 1262 1404 quibus
1280 1354 1324 1391 et
1345 1350 1459 1403 ipsis
1481 1350 1623 1403 scrip-

169 1424 321 1460 serunt
338 1419 410 1460 vel
439 1419 633 1459 maxime
656 1417 977 1472 antiquissimis
1006 1418 1297 1470 temporibus.
1356 1415 1476 1458 Vide
1498 1416 1620 1458 Vos-

171 1486 285 1527 sium
308 1486 363 1527 de
384 1486 490 1527 Arte
511 1486 756 1527 Grammat.
780 1496 812 1527 1.
828 1485 900 1527 36.
939 1485 1144 1538 Denique
1161 1484 1286 1525 finxit
1306 1486 1509 1526 inventos
1521 1496 1620 1525 esse

166 1554 249 1594 hos
270 1554 439 1594 libellos
472 1552 518 1593 in
553 1552 760 1605 sepulcro
792 1552 913 1593 illius
945 1551 1152 1605 Dictyos,
1173 1551 1289 1604 quod
1329 1555 1453 1592 terrae
1485 1554 1624 1599 motu,

170 1633 298 1673 quem
330 1626 525 1661 senserat
561 1623 663 1660 tunc
697 1617 844 1667 Creta,
876 1617 1119 1669 collapsum
1158 1620 1201 1657 et
1236 1622 1435 1671 apertum
1474 1617 1623 1658 fuerit.

168 1686 330 1741 Neque
348 1691 579 1728 caruerunt
600 1698 811 1727 successu
843 1697 925 1726 suo
952 1684 1019 1725 hae
1044 1688 1158 1726 artes
1186 1689 1231 1725 et
1264 1684 1462 1734 fraudes,
1486 1685 1623 1738 siqui-

169 1754 269 1796 dem
296 1767 384 1796 non
415 1755 512 1808 ipse
542 1758 714 1795 tantum
756 1752 921 1794 Praxis
953 1753 1134 1794 unctius
1169 1753 1225 1793 ab
1260 1752 1439 1794 Caesare
1472 1752 1625 1794 retulit

168 1826 321 1876 caput,
343 1822 419 1863 sed
442 1826 487 1864 et
507 1821 656 1876 ipsum
674 1820 760 1861 hoc
781 1833 895 1874 opus
914 1820 1050 1861 literis
1072 1819 1245 1861 Graecis
1266 1831 1341 1859 seu
1362 1817 1528 1860 Atticis
1550 1819 1625 1859 de-

168 1890 394 1943 scriptum,
418 1894 624 1943 tanquam
646 1887 880 1940 genuinum
914 1888 928 1908 ‘
950 1886 1124 1939 antiqui
1152 1885 1269 1936 Viri,
1299 1885 1376 1938 qui
1408 1884 1525 1938 apud
1548 1885 1625 1926 Ili-

168 1970 242 1998 um
272 1956 425 2008 fuerat,
459 1956 821 2004 monumentum,'
856 1955 901 1995 in
923 1954 1148 2009 publicam
1173 1957 1278 1994 tunc
1300 1953 1384 1993 fuit
1404 1956 1626 2005 receptum

169 2023 506 2073 Bibliothecam,
527 2027 568 2064 et
588 2024 653 2064 ita
683 2022 913 2075 vulgatum
944 2022 1169 2075 deinceps,
1191 2026 1239 2061 ut
1260 2019 1413 2062 Graeci
1441 2020 1626 2060 multum

171 2103 227 2132 eo
246 2089 409 2132 fuerint
428 2090 513 2140 usi,
542 2094 586 2131 et
613 2102 695 2144 pro
725 2103 828 2131 vero
851 2088 1149 2143 antiquissimi
1182 2087 1372 2141 Dictyos
1395 2087 1628 2128 habuerint

171 2158 296 2204 foetu,
327 2158 455 2207 unde,
477 2163 529 2199 ut
548 2159 609 2199 ait
646 2158 865 2210 Prologus
887 2156 1063 2211 Operis,
1101 2158 1114 2178 ‘
1131 2156 1275 2197 verior
1303 2153 1485 2209 Trojani
1522 2154 1630 2196 belli

173 2229 323 2267 textus
344 2225 606 2267 innotuerit.'

231 2303 365 2334 xxx.
398 2293 495 2335 Nec
515 2293 658 2334 minus
678 2290 912 2345 magnifice
935 2291 990 2332 de
1016 2303 1070 2331 eo
1103 2288 1247 2330 sensit
1269 2286 1527 2340 Septimius,
1550 2288 1625 2341 qui

173 2360 339 2402 idcirco
361 2359 577 2411 ‘avidus,'
599 2365 646 2402 ut
668 2361 744 2410 ait,
780 2363 921 2401 ‘verae
954 2356 1174 2399 historiae’
1204 2355 1312 2398 illud
1344 2355 1501 2397 Latine
1532 2368 1628 2395 ver-

174 2441 271 2470 sum
293 2441 373 2469 suo
406 2429 525 2483 stylo
556 2428 793 2482 explicuit,
815 2428 856 2468 si
888 2426 1002 2467 fides
1035 2424 1254 2478 Epistolae
1287 2423 1389 2464 huic
1418 2421 1629 2462 Versioni

172 2496 417 2549 praemissae
441 2501 513 2537 est
531 2495 746 2537 habenda.
806 2494 919 2535 Eam
941 2505 1046 2534 vero
1068 2492 1250 2544 derogat
1284 2490 1348 2530 illi
1386 2488 1415 2530 J
1421 2501 1485 2529 os.
1508 2487 1631 2529 Mer-

175 2576 313 2613 ceruS,
353 2576 539 2617 eamque
560 2562 814 2617 Epistolam
845 2564 859 2583 ‘
875 2561 1051 2602 omnino
1070 2557 1080 2574 '
1110 2558 1296 2600 affirmat
1326 2558 1338 2577 ‘
1357 2555 1511 2609 nuperi
1532 2567 1630 2595 esse

178 2635 224 2671 et
243 2631 432 2684 imperiti
454 2628 818 2680 Grammaticuli,'
839 2642 957 2678 cum,
972 2626 1090 2682 quod
1110 2625 1168 2666 ad
1190 2625 1373 2666 alteram
1395 2621 1631 2663 Praefatio-

177 2710 293 2748 nem,
312 2711 392 2739 seu
424 2698 682 2751 Prologum,
702 2710 790 2739 non
825 2695 1009 2745 dubitet,
1030 2693 1136 2747 quin
1164 2692 1224 2733 sit
1259 2690 1315 2731 ab
1343 2689 1444 2743 ipso
1479 2687 1629 2742 operis

178 2765 409 2818 scriptore,
433 2778 565 2819 quem
594 2765 639 2806 id
672 2777 786 2818 opus
818 2776 908 2805 non
937 2774 996 2803 ex
1016 2760 1182 2802 Graeco
1218 2757 1420 2805 vertisse,
1441 2755 1521 2796 sed
1542 2755 1630 2796 La-

176 2831 266 2872 tino
289 2840 489 2873 sermone
511 2831 821 2885 composuisse
840 2827 1080 2871 contendit.
1112 2824 1341 2868 Posterius
1356 2823 1439 2865 hoc
1456 2822 1628 2864 abunde
