1915 3231
555 284 618 313 DE
650 283 889 313 Hls'roruA
926 283 1068 313 imum
1104 284 1334 315 TROJAM.
1597 275 1652 316 61

213 383 216 386 ’
268 393 298 423 1.
327 382 398 423 20.
427 380 758 435 ‘Agamemnon
795 381 1022 423 affectione
1052 384 1246 435 paternae
1276 381 1458 435 pietatis
1492 386 1652 432 motus,

208 462 265 490 an
296 462 349 490 ne
381 454 473 490 tam
504 449 661 490 illicito
697 448 1007 489 immolationis
1038 447 1192 488 sceleri
1231 448 1474 497 interesset,
1503 449 1651 502 fugam

206 514 361 567 parat!
420 515 509 556 Ubi
528 527 609 568 pro
641 513 747 555 ‘an'
780 514 874 554 vult
904 513 992 566 legi
1024 511 1132 554 ‘ac.'
1189 513 1246 553 Et
1267 523 1332 552 lv,
1364 513 1405 553 4.
1437 516 1651 566 ‘permoti

205 581 397 633 querelis
433 580 725 630 Rhodiorum,
753 592 811 620 an
849 579 1058 632 cupidine
1090 579 1431 633 diripiendarum
1469 592 1607 620 rerum
1627 580 1651 621 :’

204 646 279 687 ubi
308 648 418 700 legit
450 646 744 701 ‘permotine.'
802 646 985 688 Scilicet
1017 645 1126 686 ferre
1145 646 1292 699 nequit
1320 646 1511 699 simplex
1538 646 1650 687 illud

203 714 216 732 ‘
235 712 335 755 An.'
393 712 458 754 At
475 713 844 765 elegantissimum
864 712 910 753 id
930 715 998 753 est
1019 723 1030 752 z
1059 712 1157 753 Liv.
1179 723 1211 753 1.
1231 712 1301 754 33.
1342 715 1356 733 ‘
1377 713 1647 753 Discrimine

201 780 327 830 recti,
346 793 402 822 an
421 792 653 834 perperam
671 779 796 829 facti,
816 778 1028 821 confuso.'
1087 779 1269 821 Sueton.
1291 779 1431 834 Vesp.
1450 790 1481 820 1.
1505 784 1517 801 ‘
1535 780 1649 822 Cen-

201 846 334 896 turio,
357 858 412 887 an
439 845 688 887 evocatus!
743 844 839 886 Cic.
872 844 995 886 Fam.
1019 855 1105 885 vn.
1126 844 1167 886 8.
1198 848 1210 866 ‘
1227 845 1306 886 Cn.
1337 845 1567 896 Octavius,
1589 860 1646 888 an

200 911 286 953 Cn.
309 911 559 962 Cornelius,
582 914 708 952 terrae
730 910 881 952 filius!
940 921 1056 952 X111.
1077 911 1149 952 29.
1180 913 1193 933 ‘
1207 925 1294 953 non
1324 913 1428 966 plus
1458 912 1645 963 duobus,

199 991 256 1019 an
277 978 418 1020 tribus
440 977 689 1019 mensibus!

258 1056 314 1086 ιι.
331 1045 372 1085 1.
403 1047 417 1065 ‘
432 1045 592 1098 Neque
610 1045 750 1086 versis
769 1044 857 1095 his,
879 1049 1013 1099 atque
1033 1045 1079 1086 in
1100 1045 1218 1099 fuga,
1238 1044 1444 1100 parcere?
1500 1046 1643 1100 Legit,

198 1115 371 1166 ‘neque
393 1113 533 1153 versis
559 1112 628 1153 his
661 1113 705 1153 in
733 1111 907 1166 fugam!
965 1112 1105 1153 Immo
1125 1125 1228 1153 vero
1250 1113 1364 1154 solet
1384 1113 1446 1153 ita
1466 1115 1643 1155 concise

197 1180 322 1234 loqui
353 1179 606 1229 Sallustius,
627 1184 674 1220 et
703 1191 803 1219 cum
837 1191 889 1219 eo
922 1178 1101 1219 Noster.
1162 1179 1375 1232 Syntaxis
1397 1182 1481 1229 est,
1502 1182 1641 1221 versis

196 1247 280 1295 his,
312 1248 442 1299 atque
480 1245 525 1286 in
556 1245 675 1298 fuga,
709 1244 884 1286 scilicet
922 1245 1229 1287 existentibus.
1288 1245 1396 1286 Sall.
1433 1246 1462 1287 J
1469 1259 1537 1299 ug.
1568 1249 1640 1287 54.

196 1313 371 1354 ‘Multa
400 1312 569 1366 oppida
599 1316 759 1353 temere
789 1312 972 1361 munita,
1002 1316 1082 1353 aut
1117 1313 1211 1354 sine
1242 1313 1470 1366 praesidiO,
1493 1312 1642 1367 capit?

194 1379 264 1420 66.
286 1381 299 1399 ‘
317 1378 485 1419 Milites
506 1377 724 1432 palantes,
742 1378 941 1428 inermes,
961 1390 1014 1419 ac
1036 1379 1130 1419 sine
1151 1378 1354 1432 imperio,
1378 1379 1639 1432 aggrediun-

194 1446 300 1497 tur;'
330 1445 515 1494 scilicet,
537 1445 792 1486 existentes.

252 1523 304 1553 11.
334 1512 403 1552 14.
433 1515 445 1535 ‘
463 1511 665 1565 Quisque
694 1511 883 1564 partium
922 1511 978 1552 ad
1008 1524 1106 1552 eum
1136 1510 1344 1552 venerat!
1403 1511 1635 1561 Emendat,

193 1583 266 1620 ‘ut
287 1579 472 1632 quisque
487 1576 512 1629 ;’
540 1579 616 1619 sed
636 1578 766 1619 male.
827 1580 840 1600 ‘
858 1577 1061 1630 Quisque
1077 1578 1087 1594 ’
1117 1577 1296 1631 ponitur
1316 1590 1396 1631 pro
1433 1578 1636 1630 quicum-

191 1659 289 1700 que.
347 1645 492 1686 Plaut.
531 1644 663 1685 Curc.
686 1656 751 1685 ιν.
790 1644 832 1685 2.
870 1646 939 1686 17.
981 1647 992 1667 ‘
1011 1643 1126 1685 Tum
1166 1657 1277 1696 genu
1316 1644 1372 1685 ad
1415 1657 1634 1698 quemque

181 1711 348 1764 jecero,
372 1711 428 1752 ad
451 1716 608 1751 terram
631 1710 778 1752 dabo!
838 1711 894 1752 Et
917 1711 1016 1752 Mil.
1036 1710 1160 1752 Glor.
1185 1711 1292 1752 112.
1314 1710 1355 1750 1.
1386 1713 1399 1731 ‘
1415 1710 1516 1751 Nisi
1538 1711 1633 1752 her-

189 1778 257 1818 cle
277 1777 547 1830 defregeritis
567 1778 695 1828 talos,
717 1777 901 1831 posthac
923 1791 1135 1832 quemque
1166 1778 1211 1818 in
1249 1777 1405 1830 tegulis
1432 1776 1632 1819 videritis

186 1844 394 1894 alienum,
418 1856 499 1895 ego
521 1848 670 1885 vestra
689 1843 851 1885 faciam
871 1845 1011 1885 latera
1031 1844 1182 1886 lorea?
1240 1844 1338 1885 Liv.
1362 1855 1393 1883 1.
1412 1844 1481 1884 24.
1513 1847 1526 1865 ‘
1544 1844 1632 1885 Cu·
1682 1850 1687 1855 '

177 1911 337 1964 jusque
352 1910 505 1964 populi
525 1911 645 1951 cives
667 1922 721 1952 eo
744 1910 975 1952 certamine
995 1910 1235 1952 vicissent.5
1286 1910 1377 1952 Ubi
1397 1910 1500 1952 vide
1519 1910 1632 1952 Gro-

183 1976 359 2018 novium
382 1976 570 2018 Patrem.

240 2044 380 2085 11.30.
412 2044 526 2085 ‘Ille
561 2044 674 2085 enim
704 2044 954 2097 perspicere
992 2057 1041 2085 se
1077 2044 1286 2097 originem
1327 2044 1498 2086 morbi.'
1555 2044 1628 2086 Ad

181 2109 277 2150 haec
297 2107 579 2163 Vindingius,
605 2113 618 2130 ‘
634 2116 712 2151 aut
730 2110 802 2151 hic
825 2110 1075 2151 addendum
1097 2111 1172 2161 ait,
1203 2116 1280 2152 aut
1310 2111 1540 2152 delendum
1561 2111 1628 2152 se?

179 2173 242 2216 At
260 2176 514 2230 neutiquam
535 2176 772 2218 delendum
792 2180 804 2198 ‘
818 2177 906 2228 Se‚'
928 2177 1007 2219 sed
1024 2191 1168 2231 neque
1189 2191 1320 2232 opus,
1342 2182 1389 2219 ut
1409 2178 1624 2219 addamus

180 2244 193 2262 ‘
208 2241 299 2283 ait!
348 2242 501 2284 Solent
521 2244 636 2284 enim
656 2243 741 2285 hoc
762 2257 843 2296 per
863 2244 1041 2298 ellipsin
1059 2246 1257 2286 omittere
1274 2244 1386 2286 Sall.
1408 2244 1438 2285 J
1442 2257 1511 2297 ug.
1526 2243 1625 2284 109.

178 2308 317 2349 ‘Tum
340 2307 440 2350 Rex
463 2315 566 2364 post
585 2309 699 2350 diem
722 2310 941 2351 decimum
962 2311 1099 2351 redire
1124 2310 1265 2364 jubet,
1286 2323 1339 2351 ac
1360 2310 1468 2350 nihil
1490 2310 1622 2350 etiam

176 2387 291 2415 nunc
318 2374 585 2426 decrevisse,
621 2376 701 2417 sed
735 2376 813 2417 illo
846 2376 916 2416 die
949 2376 1289 2429 responsurum.'
1347 2375 1520 2417 Phaedr.
1551 2375 1620 2416 29.

176 2443 189 2461 ‘
206 2440 441 2495 Repressit
461 2442 583 2494 iram,
604 2447 663 2493 et,
686 2442 830 2483 facilis
859 2442 1052 2484 vindicta
1074 2448 1141 2484 est
1161 2442 1280 2491 mihi,
1304 2441 1382 2483 sed
1402 2442 1620 2494 inquinari

176 2507 278 2549 nolo
306 2508 467 2560 ignavo
496 2510 711 2562 sanguine
729 2507 754 2559 ;’
783 2511 827 2548 et
846 2509 916 2550 37.
947 2510 959 2530 ‘
975 2508 1114 2549 Venit
1134 2521 1212 2563 per
1231 2521 1361 2549 auras
1382 2508 1551 2557 cornix,
1574 2512 1620 2549 et

174 2578 353 2628 propter
372 2575 542 2625 volans,
562 2575 769 2628 Opimam
801 2587 908 2615 sane
937 2574 1131 2627 praedam
1151 2574 1338 2627 rapuisti
1368 2573 1618 2625 unguibus:

173 2641 253 2680 διο.
312 2638 489 2692 Ubique
507 2640 553 2681 in
581 2639 651 2681 his
684 2639 934 2694 intelligitur
954 2638 1126 2681 ‘dixit.’
1182 2639 1299 2681 Vide
1328 2645 1372 2680 et
1405 2652 1528 2681 meas
1558 2640 1616 2681 ad

175 2705 342 2747 Sanctii
363 2705 607 2749 Minervam
627 2710 755 2748 notas
779 2717 843 2747 1v.
864 2708 905 2748 5.

234 2783 307 2813 ιιι.
325 2773 366 2814 3.
399 2776 411 2794 ‘
429 2772 542 2824 Quae
578 2786 646 2815 res
677 2786 732 2815 eo
762 2773 924 2816 habere
954 2773 1086 2815 fidem
1111 2771 1352 2824 videbatur,
1373 2772 1616 2826 quoniam‚'
