1915 3231
579 268 642 298 DE
676 268 832 297 nermo
865 267 1091 297 'rRoJANo
1127 268 1217 299 ΜΒ,
1257 271 1283 299 ι.
1571 261 1651 301 121

205 363 343 416 magis
365 363 588 416 magisque
610 362 814 411 saeviens,
831 361 966 402 multa
987 361 1124 402 millia
1142 361 1343 414 fatigare,
1357 365 1399 402 et
1417 363 1651 414 promisceq

203 442 286 483 per
306 442 469 483 pecora
489 433 622 483 atque
643 429 899 470 exercitumr
916 428 1132 480 grassari:
1156 440 1339 481 prorsus
1353 429 1496 469 nullus
1511 429 1651 470 funeri

202 496 375 545 modus,
405 509 547 549 neque
577 497 773 550 requies:
812 496 877 537 uti
910 495 1104 548 quidque
1135 496 1254 536 malo
1285 495 1462 536 obvium
1493 495 1650 545 fuerat,

203 561 473 602 vastabatur.
535 561 682 612 Quis⁹
711 563 843 603 rebus
885 562 1072 602 solicitis
1111 562 1293 610 ducibus
1332 561 1491 602 mulier
1530 575 1651 615 quae-

202 628 303 669 dam
317 633 329 650 ³
351 629 446 669 Deo
468 629 598 682 plena
619 629 781 670 Dianae
804 629 913 668 iram
934 628 1073 669 fatur:
1096 641 1190 668 cam
1213 642 1402 682 namque
1423 629 1479 669 ob
1501 642 1649 670 necem

202 708 393 748 capreae,
416 709 502 749 qua
523 697 714 736 maxime
735 695 987 744 laetabatur,
1021 695 1268 747 sacrilegiit
1298 708 1459 749 poenas
1481 695 1537 736 ab
1571 708 1651 736 ex-

201 761 338 802 ercitu
360 766 589 815 expetere:
620 775 700 802 nec
721 761 848 801 leniri
870 762 1122 815 priusquam
1143 766 1295 803 auctor
1326 762 1437 802 tanti
1469 762 1649 803 sceleris

201 828 335 869 filiam
369 833 472 869 natu
506 829 759 874 maximam,
781 828 992 869 vicariam
1022 829 1284 878 victimam,¹¹
1315 829 1650 870 immolavisset.

201 893 316 944 Quae
337 908 426 936 vox
444 899 492 936 ut
513 895 568 936 ad
590 895 829 936 exercitum
852 894 987 944 venit,
1019 908 1169 936 omnes
1190 895 1325 936 duces
1357 895 1650 948 Agamemno-

199 973 296 1002 nem
344 962 528 1009 adeunt:
570 974 759 1015 eumque
775 966 785 984 ¹
828 961 968 1014 primo
1002 975 1140 1011 orare,
1177 966 1541 1016 recusantemque
1591 962 1648 1002 ad

198 1033 466 1081 postremum
489 1042 659 1081 cogere,
692 1029 757 1069 uti
785 1029 901 1069 malo
923 1029 1098 1070 obviam
1130 1034 1401 1082 properaret.
1461 1029 1551 1069 Sed
1571 1029 1648 1069 ubi

199 1095 420 1136 obstinate
442 1108 619 1136 renuere
642 1096 806 1146 vident,
826 1109 907 1137 nec
929 1096 1018 1137 ulla
1037 1096 1082 1137 vi
1104 1101 1269 1150 queunt
1288 1097 1480 1147 flectere,
1511 1096 1648 1149 pluri-

197 1163 281 1203 mis
303 1163 546 1203 conviciisv
569 1163 771 1212 insecuti,
792 1163 845 1203 ad
868 1167 1138 1217 postremum
1161 1164 1278 1215 regio
1299 1164 1459 1204 honore
1480 1163 1648 1216 spolia-

196 1234 363 1271 vere:W
395 1242 447 1270 ac
467 1243 521 1270 ne
542 1234 664 1271 tanta
684 1231 751 1271 vis
773 1231 994 1271 exercitus
1025 1231 1118 1270 sine
1150 1234 1314 1271 rectore
1345 1230 1562 1280 effusius‚2
1594 1242 1647 1271 ac

196 1295 288 1336 sine
309 1296 467 1337 modo³
500 1297 666 1338 militiae
690 1302 933 1349 vagaretur,
955 1297 1202 1350 praeficiunt
1222 1302 1321 1337 ante
1340 1310 1492 1337 omnes
1515 1297 1648 1337 Pala-

195 1361 394 1412 medem3
425 1363 525 1403 dein
563 1363 839 1412 Diomedem,
861 1368 902 1404 et
933 1363 1117 1417 Ajacem
1151 1363 1485 1415 Telamonium;
1517 1377 1647 1416 quar-

195 1432 413 1482 tumque,4
444 1429 742 1470 Idomeneum.
804 1430 875 1471 Ita
906 1443 984 1483 per
1015 1431 1308 1483 aequationem
1331 1432 1551 1472 muneris⁵
1583 1437 1646 1472 at—

196 1508 281 1548 que
302 1496 510 1549 partium,
531 1496 872 1550 quadripartitur
904 1496 1142 1537 exereitus.
1203 1498 1310 1549 [20]
1345 1497 1503 1551 Neque
1537 1498 1646 1538 inte-

810 1615 1035 1628 eeeeeeeeeee

193 1693 214 1722 2
238 1691 365 1733 Delph.
388 1691 622 1732 profusius.—3
647 1691 770 1732 Delph.
787 1694 945 1723 mora—4
971 1692 1080 1722 Deest
1100 1700 1156 1731 que
1181 1691 1214 1722 in
1232 1692 1422 1732 Delph.—5
1448 1692 1569 1733 Delph.
1587 1703 1645 1724 uu-

850 1796 992 1828 NOTAE

238 1870 252 1890 «ι
279 1863 324 1893 Ec
359 1861 525 1903 promisce]
565 1860 792 1892 ‘Promisce'
831 1869 893 1901 pro

191 1913 200 1930 ‘
221 1912 410 1953 promiscue
424 1910 444 1950 3’
467 1910 627 1952 antiquis.

235 1968 247 1983 ¹
273 1963 335 1993 Per
359 1971 470 2002 pecora
496 1964 587 2001 atque
608 1959 795 2000 emercitum]
821 1959 892 1990 Ho-

192 2012 326 2043 mericis
342 2012 415 2043 istis
432 2010 521 2042 forte
538 2011 664 2042 allusit.
701 2010 822 2050 Οὐρῆας
836 2009 894 2048 μὲν

193 2064 315 2103 πρῶτον
324 2060 478 2101 ἐπῴχετο,
487 2060 536 2092 καὶ
549 2060 641 2092 κύνας
651 2060 776 2101 ἆρ’γούς·
788 2061 893 2101 Αὐτὰρ

192 2111 286 2143 ἔπειτ’
310 2112 431 2142 αὐτοῖσι
461 2110 557 2147 βέλος
580 2109 749 2149 ἐχεπευκὲς
779 2111 891 2151 ἀφιεὶς,

190 2160 290 2193 Βάλλ’
303 2171 311 2179 ·
335 2160 394 2192 αἰεὶ
408 2160 440 2192 δὲ
463 2160 554 2202 πυραὶ
569 2159 684 2192 νεκύων
699 2160 823 2191 καίοντο
839 2163 890 2191 θα·

188 2212 283 2253 μειαί.
307 2213 445 2244 ‘Mnlos
470 2211 607 2253 quidem
634 2211 778 2251 primum
795 2211 889 2242 inva-

189 2264 246 2299 sit,
266 2268 300 2294 et
324 2271 425 2293 canes
449 2261 608 2292 veloces:
637 2260 703 2291 Sed
720 2265 840 2301 postea
857 2261 889 2291 in

187 2314 279 2354 ipsos
293 2313 451 2352 sagittam
466 2310 676 2342 mortiferam
692 2311 889 2353 immittens,

186 2363 366 2396 Jaciebat:
393 2370 527 2401 semper
551 2365 664 2392 autem
691 2370 786 2401 pyrae
803 2371 889 2392 mor-

186 2418 320 2444 tuorum
337 2411 610 2443 incendebantur
625 2410 849 2452 frequentes?

227 2469 239 2483 ⁸
256 2463 376 2494 Mulier
389 2461 544 2502 quaedam]
569 2461 660 2492 Vero
677 2461 830 2502 similius,
845 2461 888 2493 is-

187 2514 248 2546 tud
266 2512 446 2545 Calchanti
463 2511 582 2543 tribuit
603 2510 773 2551 Hyginus.

229 2565 239 2584 ¹
262 2562 448 2603 Sacrilegii]
473 2561 630 2601 Proprie.

228 2619 243 2634 ¹¹
271 2613 423 2644 Vicariam
442 2611 616 2651 victimam]
653 2611 740 2644 Quae
757 2611 888 2642 scilicet

186 2663 217 2694 ei
241 2667 331 2694 esset
348 2663 422 2694 vice
437 2671 562 2703 caprae,
587 2670 687 2702 quam
704 2660 887 2702 Agamem-

186 2723 252 2744 non
267 2713 453 2745 occiderat.

232 2767 244 2782 '
285 2762 459 2803 Conviciis]
503 2762 702 2794 Convicium
749 2761 886 2803 proprie

947 1859 1044 1900 quasi
1061 1859 1273 1896 convocinm,
1290 1860 1423 1892 Gallice
1440 1862 1580 1894 dicimus
1593 1874 1645 1894 va-

946 1920 1059 1943 cat-me.
1097 1911 1163 1942 Sed
1180 1911 1231 1942 hic
1244 1912 1404 1952 intelligit
1416 1913 1541 1953 Dictys
1554 1915 1645 1954 quod

947 1971 1007 1992 nos
1037 1961 1193 1999 dicimus,
1223 1963 1275 1992 des
1306 1961 1436 2002 injures,
1476 1964 1619 1995 crimina
1636 1976 1643 1995 z

947 2022 1059 2052 neque
1075 2013 1163 2043 enim
1180 2022 1294 2043 eorum
1320 2014 1415 2053 parci
1438 2019 1536 2046 erant
1554 2020 1645 2046 vete—

948 2072 1002 2093 res
1016 2063 1063 2093 illi
1077 2063 1217 2102 heroes;
1237 2063 1284 2094 ita
1300 2063 1385 2094 dura
1401 2069 1499 2096 erant
1514 2070 1549 2096 et
1565 2075 1645 2097 con-

948 2114 1072 2144 tumaci
1095 2113 1220 2144 indole.

988 2168 1009 2183 w
1033 2162 1134 2202 Regio
1159 2163 1271 2194 honore
1296 2162 1481 2203 spoliavere]
1518 2164 1645 2196 Nescio

945 2211 1034 2242 unde
1050 2213 1113 2242 hoc
1132 2212 1263 2253 Dictys.
1302 2212 1390 2243 Nam
1407 2217 1443 2243 et
1461 2213 1644 2253 Euripides

943 2263 1073 2299 scribit,
1102 2261 1405 2301 Agamemnonem,
1435 2272 1509 2293 cnm
1537 2262 1642 2294 filiam

945 2322 1038 2343 suam
1054 2312 1165 2343 occidi
1183 2312 1255 2352 pati
1272 2321 1338 2342 non
1356 2317 1482 2352 posset,
1500 2312 1643 2352 jussisse

944 2363 1133 2393 exercitum
1147 2361 1284 2392 dimitti.
1310 2361 1391 2401 Ejus
1404 2361 1518 2401 verba,
1533 2361 1645 2392 Κλύων

944 2413 967 2443 δ’
986 2412 1047 2451 ε”γὼ
1062 2412 1162 2447 ταῦτ’,
1179 2410 1266 2451 ὀρθίῳ
1282 2409 1455 2450 κηρύγματι
1469 2411 1643 2447 Ταλθύβιον

943 2461 1028 2492 εἶπον
1043 2460 1131 2492 πάντ’
1147 2459 1267 2499 ἀφιέναι
1290 2459 1437 2500 στρατὸν,
1459 2460 1513 2491 Ὦς
1536 2461 1642 2492 οὔποτ’

942 2513 981 2544 ἂν
993 2513 1073 2544 τλὰς
1096 2510 1249 2552 θυγατέρα
1273 2512 1396 2542 κτανεῖν
1422 2510 1507 2549 ἐμήν.
1529 2514 1538 2528 ⁶
1553 2512 1641 2543 Haec

942 2568 1051 2593 autem
1079 2561 1219 2592 audiens
1246 2570 1321 2601 ego,
1350 2562 1441 2591 claro
1470 2563 1641 2600 praeconio

933 2613 1018 2654 jussi
1033 2611 1247 2653 Taltliybinm
1264 2611 1439 2642 dimittere
1456 2616 1562 2642 totum
1580 2622 1638 2645 exo

941 2663 1098 2701 ercitum,
1115 2667 1150 2692 ut
1166 2670 1336 2702 nunquam
1362 2670 1517 2702 passurus
1532 2671 1639 2694 meam

940 2712 1043 2744 filiam
1059 2710 1191 2743 occidi!
