<?xml version="1.0" encoding="UTF-8"?>
<!DOCTYPE html PUBLIC "-//W3C//DTD XHTML 1.0 Transitional//EN"
    "http://www.w3.org/TR/xhtml1/DTD/xhtml1-transitional.dtd">
<html xmlns="http://www.w3.org/1999/xhtml" xml:lang="en" lang="en">
 <head>
  <title>
</title>
<meta http-equiv="Content-Type" content="text/html;charset=utf-8" />
  <meta name='ocr-system' content='tesseract 3.04.00' />
  <meta name='ocr-capabilities' content='ocr_page ocr_carea ocr_par ocr_line ocrx_word'/>
</head>
<body>
  <div class='ocr_page' id='page_1' title='image "./dictyscretensise01dictuoft_0188.png"; bbox 0 0 1915 3231; ppageno 0'>
   <div class='ocr_carea' id='block_1_1' title="bbox 280 336 363 378">
    <p class='ocr_par' dir='ltr' id='par_1_1' title="bbox 280 336 363 378">
     <span class='ocr_line' id='line_1_1' title="bbox 280 336 363 378; baseline 0.024 -2"><span class='ocrx_word' id='word_1_1' title='bbox 280 336 363 378; x_wconf 81' lang='lat'>180</span> 
     </span>
    </p>
   </div>
   <div class='ocr_carea' id='block_1_2' title="bbox 270 442 1724 1628">
    <p class='ocr_par' dir='ltr' id='par_1_2' title="bbox 270 442 1724 1628">
     <span class='ocr_line' id='line_1_2' title="bbox 278 442 1724 497; baseline 0.001 -14"><span class='ocrx_word' id='word_1_2' title='bbox 278 446 450 496; x_wconf 87' lang='lat' dir='ltr'>partem</span> <span class='ocrx_word' id='word_1_3' title='bbox 485 442 682 497; x_wconf 82' lang='lat' dir='ltr'>praedae¹¹</span> <span class='ocrx_word' id='word_1_4' title='bbox 713 443 769 485; x_wconf 86' lang='lat' dir='ltr'>ad</span> <span class='ocrx_word' id='word_1_5' title='bbox 789 454 889 485; x_wconf 91' lang='lat' dir='ltr'>eum</span> <span class='ocrx_word' id='word_1_6' title='bbox 923 447 1218 497; x_wconf 82' lang='lat' dir='ltr'>portaverant,</span> <span class='ocrx_word' id='word_1_7' title='bbox 1249 442 1415 483; x_wconf 85' lang='lat' dir='ltr'>Lemno</span> <span class='ocrx_word' id='word_1_8' title='bbox 1452 442 1724 495; x_wconf 61' lang='lat' dir='ltr'>regreditur:</span> 
     </span>
     <span class='ocr_line' id='line_1_3' title="bbox 278 508 1724 564; baseline -0.001 -12"><span class='ocrx_word' id='word_1_9' title='bbox 278 509 502 552; x_wconf 89' lang='lat' dir='ltr'>invalidus</span> <span class='ocrx_word' id='word_1_10' title='bbox 522 511 653 551; x_wconf 88' lang='lat' dir='ltr'>etiam</span> <span class='ocrx_word' id='word_1_11' title='bbox 673 514 778 560; x_wconf 90' lang='lat' dir='ltr'>tum,</span> <span class='ocrx_word' id='word_1_12' title='bbox 791 523 932 564; x_wconf 92' lang='lat' dir='ltr'>neque</span> <span class='ocrx_word' id='word_1_13' title='bbox 954 509 1064 551; x_wconf 88' lang='lat' dir='ltr'>satis</span> <span class='ocrx_word' id='word_1_14' title='bbox 1082 509 1206 550; x_wconf 83' lang='lat' dir='ltr'>firmo</span> <span class='ocrx_word' id='word_1_15' title='bbox 1229 522 1395 562; x_wconf 86' lang='lat' dir='ltr'>gressu.</span> <span class='ocrx_word' id='word_1_16' title='bbox 1425 508 1532 562; x_wconf 88' lang='grc'><strong>[48.]</strong></span> <span class='ocrx_word' id='word_1_17' title='bbox 1553 509 1724 551; x_wconf 84' lang='lat' dir='ltr'><strong>Interea</strong></span> 
     </span>
     <span class='ocr_line' id='line_1_4' title="bbox 278 575 1723 632; baseline -0.001 -13"><span class='ocrx_word' id='word_1_18' title='bbox 278 578 509 619; x_wconf 88' lang='lat' dir='ltr'>consilium</span> <span class='ocrx_word' id='word_1_19' title='bbox 532 578 704 620; x_wconf 83' lang='lat' dir='ltr'>Graecis</span> <span class='ocrx_word' id='word_1_20' title='bbox 727 578 997 632; x_wconf 76' lang='lat' dir='ltr'>agentibus,W</span> <span class='ocrx_word' id='word_1_21' title='bbox 1031 575 1148 631; x_wconf 82' lang='lat' dir='ltr'>Ajax</span> <span class='ocrx_word' id='word_1_22' title='bbox 1168 576 1454 618; x_wconf 84' lang='lat' dir='ltr'>Telamonius</span> <span class='ocrx_word' id='word_1_23' title='bbox 1468 582 1486 599; x_wconf 89' lang='lat'>¹</span> <span class='ocrx_word' id='word_1_24' title='bbox 1513 577 1559 617; x_wconf 89' lang='lat' dir='ltr'>in</span> <span class='ocrx_word' id='word_1_25' title='bbox 1587 576 1723 617; x_wconf 91' lang='lat' dir='ltr'>medi-</span> 
     </span>
     <span class='ocr_line' id='line_1_5' title="bbox 277 640 1724 698; baseline -0.001 -13"><span class='ocrx_word' id='word_1_26' title='bbox 277 657 350 685; x_wconf 93' lang='lat' dir='ltr'>um</span> <span class='ocrx_word' id='word_1_27' title='bbox 372 657 645 698; x_wconf 86' lang='lat' dir='ltr'>progressus,</span> <span class='ocrx_word' id='word_1_28' title='bbox 673 644 810 686; x_wconf 88' lang='lat' dir='ltr'>docet</span> <span class='ocrx_word' id='word_1_29' title='bbox 839 647 1037 698; x_wconf 82' lang='lat' dir='ltr'>oportere</span> <span class='ocrx_word' id='word_1_30' title='bbox 1070 643 1183 685; x_wconf 91' lang='lat' dir='ltr'>mitti</span> <span class='ocrx_word' id='word_1_31' title='bbox 1207 642 1263 684; x_wconf 91' lang='lat' dir='ltr'>ad</span> <span class='ocrx_word' id='word_1_32' title='bbox 1283 640 1502 684; x_wconf 84' lang='lat' dir='ltr'>Achillem</span> <span class='ocrx_word' id='word_1_33' title='bbox 1523 646 1724 696; x_wconf 89' lang='lat' dir='ltr'>precato-</span> 
     </span>
     <span class='ocr_line' id='line_1_6' title="bbox 276 709 1721 765; baseline -0.001 -14"><span class='ocrx_word' id='word_1_34' title='bbox 276 723 362 761; x_wconf 88' lang='lat' dir='ltr'>res,</span> <span class='ocrx_word' id='word_1_35' title='bbox 384 711 459 764; x_wconf 93' lang='lat' dir='ltr'>qui</span> <span class='ocrx_word' id='word_1_36' title='bbox 486 724 586 752; x_wconf 89' lang='lat' dir='ltr'>eum</span> <span class='ocrx_word' id='word_1_37' title='bbox 607 711 922 765; x_wconf 89' lang='lat' dir='ltr'>imperatorum</span> <span class='ocrx_word' id='word_1_38' title='bbox 942 709 1087 751; x_wconf 85' lang='lat' dir='ltr'>verbis</span> <span class='ocrx_word' id='word_1_39' title='bbox 1107 712 1237 762; x_wconf 88' lang='lat' dir='ltr'>atque</span> <span class='ocrx_word' id='word_1_40' title='bbox 1258 709 1480 750; x_wconf 85' lang='lat' dir='ltr'>exercitus</span> <span class='ocrx_word' id='word_1_41' title='bbox 1503 713 1721 763; x_wconf 84' lang='lat' dir='ltr'>peterent,</span> 
     </span>
     <span class='ocr_line' id='line_1_7' title="bbox 280 776 1723 831; baseline -0.002 -12"><span class='ocrx_word' id='word_1_42' title='bbox 280 778 496 819; x_wconf 84' lang='lat' dir='ltr'>remittere</span> <span class='ocrx_word' id='word_1_43' title='bbox 515 779 620 828; x_wconf 88' lang='lat' dir='ltr'>iras,</span> <span class='ocrx_word' id='word_1_44' title='bbox 641 790 694 819; x_wconf 85' lang='lat' dir='ltr'>ac</span> <span class='ocrx_word' id='word_1_45' title='bbox 713 782 910 831; x_wconf 88' lang='lat' dir='ltr'>repetere</span> <span class='ocrx_word' id='word_1_46' title='bbox 930 776 1111 818; x_wconf 88' lang='lat' dir='ltr'>solitam</span> <span class='ocrx_word' id='word_1_47' title='bbox 1143 789 1240 817; x_wconf 93' lang='lat' dir='ltr'>cum</span> <span class='ocrx_word' id='word_1_48' title='bbox 1273 776 1368 816; x_wconf 88' lang='lat' dir='ltr'>suis</span> <span class='ocrx_word' id='word_1_49' title='bbox 1400 776 1611 828; x_wconf 83' lang='lat' dir='ltr'>gratiam:</span> <span class='ocrx_word' id='word_1_50' title='bbox 1642 776 1723 816; x_wconf 93' lang='lat' dir='ltr'>mi-</span> 
     </span>
     <span class='ocr_line' id='line_1_8' title="bbox 274 842 1720 898; baseline -0.001 -14"><span class='ocrx_word' id='word_1_51' title='bbox 274 844 391 884; x_wconf 89' lang='lat' dir='ltr'>nime</span> <span class='ocrx_word' id='word_1_52' title='bbox 411 845 578 898; x_wconf 90' lang='lat' dir='ltr'>quippe</span> <span class='ocrx_word' id='word_1_53' title='bbox 599 844 925 898; x_wconf 85' lang='lat' dir='ltr'>aspernandum</span> <span class='ocrx_word' id='word_1_54' title='bbox 947 843 1079 884; x_wconf 84' lang='lat' dir='ltr'>talem</span> <span class='ocrx_word' id='word_1_55' title='bbox 1100 843 1254 893; x_wconf 90' lang='lat' dir='ltr'>virum,</span> <span class='ocrx_word' id='word_1_56' title='bbox 1288 855 1400 884; x_wconf 92' lang='lat' dir='ltr'>nunc</span> <span class='ocrx_word' id='word_1_57' title='bbox 1421 843 1492 884; x_wconf 88' lang='lat' dir='ltr'>vel</span> <span class='ocrx_word' id='word_1_58' title='bbox 1512 842 1720 894; x_wconf 86' lang='lat' dir='ltr'>maxime,</span> 
     </span>
     <span class='ocr_line' id='line_1_9' title="bbox 275 909 1718 963; baseline 0 -13"><span class='ocrx_word' id='word_1_59' title='bbox 275 923 377 950; x_wconf 91' lang='lat' dir='ltr'>cum</span> <span class='ocrx_word' id='word_1_60' title='bbox 397 910 602 952; x_wconf 86' lang='lat' dir='ltr'>secundis</span> <span class='ocrx_word' id='word_1_61' title='bbox 623 911 754 951; x_wconf 88' lang='lat' dir='ltr'>rebus</span> <span class='ocrx_word' id='word_1_62' title='bbox 775 909 941 960; x_wconf 86' lang='lat' dir='ltr'>Graeci,</span> <span class='ocrx_word' id='word_1_63' title='bbox 958 914 1003 950; x_wconf 92' lang='lat' dir='ltr'>et</span> <span class='ocrx_word' id='word_1_64' title='bbox 1023 909 1170 963; x_wconf 90' lang='lat' dir='ltr'>paullo</span> <span class='ocrx_word' id='word_1_65' title='bbox 1193 913 1296 950; x_wconf 85' lang='lat' dir='ltr'>ante</span> <span class='ocrx_word' id='word_1_66' title='bbox 1318 910 1522 959; x_wconf 85' lang='lat' dir='ltr'>victores,</span> <span class='ocrx_word' id='word_1_67' title='bbox 1555 922 1640 950; x_wconf 89' lang='lat' dir='ltr'>non</span> <span class='ocrx_word' id='word_1_68' title='bbox 1661 910 1718 950; x_wconf 94' lang='lat' dir='ltr'>ob</span> 
     </span>
     <span class='ocr_line' id='line_1_10' title="bbox 273 975 1721 1029; baseline 0.001 -13"><span class='ocrx_word' id='word_1_69' title='bbox 273 976 525 1027; x_wconf 85' lang='lat' dir='ltr'>utilitatem,</span> <span class='ocrx_word' id='word_1_70' title='bbox 544 977 621 1018; x_wconf 91' lang='lat' dir='ltr'>sed</span> <span class='ocrx_word' id='word_1_71' title='bbox 641 976 819 1018; x_wconf 87' lang='lat' dir='ltr'>honoris</span> <span class='ocrx_word' id='word_1_72' title='bbox 840 977 1011 1026; x_wconf 88' lang='lat' dir='ltr'>merito,</span> <span class='ocrx_word' id='word_1_73' title='bbox 1033 976 1218 1028; x_wconf 81' lang='lat' dir='ltr'>gratiam</span> <span class='ocrx_word' id='word_1_74' title='bbox 1239 976 1334 1029; x_wconf 86' lang='lat' dir='ltr'>ejus</span> <span class='ocrx_word' id='word_1_75' title='bbox 1355 980 1562 1028; x_wconf 86' lang='lat' dir='ltr'>peterent.</span> <span class='ocrx_word' id='word_1_76' title='bbox 1600 975 1721 1017; x_wconf 87' lang='lat' dir='ltr'>Inter</span> 
     </span>
     <span class='ocr_line' id='line_1_11' title="bbox 274 1040 1718 1095; baseline 0.001 -15"><span class='ocrx_word' id='word_1_77' title='bbox 274 1053 373 1094; x_wconf 82' lang='lat' dir='ltr'>quae</span> <span class='ocrx_word' id='word_1_78' title='bbox 395 1040 628 1094; x_wconf 85' lang='lat' dir='ltr'>deprecari</span> <span class='ocrx_word' id='word_1_79' title='bbox 642 1047 660 1070; x_wconf 65' lang='lat' dir='ltr'><strong>y</strong></span> <span class='ocrx_word' id='word_1_80' title='bbox 678 1041 811 1082; x_wconf 85' lang='lat' dir='ltr'>etiam</span> <span class='ocrx_word' id='word_1_81' title='bbox 831 1040 1222 1094; x_wconf 84' lang='lat' dir='ltr'>Agamemnonem,</span> <span class='ocrx_word' id='word_1_82' title='bbox 1239 1041 1362 1083; x_wconf 83' lang='lat' dir='ltr'>daret</span> <span class='ocrx_word' id='word_1_83' title='bbox 1378 1054 1556 1095; x_wconf 86' lang='lat' dir='ltr'>operam</span> <span class='ocrx_word' id='word_1_84' title='bbox 1572 1041 1718 1089; x_wconf 90' lang='lat' dir='ltr'>simul,</span> 
     </span>
     <span class='ocr_line' id='line_1_12' title="bbox 273 1107 1719 1161; baseline 0.001 -14"><span class='ocrx_word' id='word_1_85' title='bbox 273 1107 632 1161; x_wconf 88' lang='lat' dir='ltr'>voluntatemque</span> <span class='ocrx_word' id='word_1_86' title='bbox 673 1107 845 1160; x_wconf 86' lang='lat' dir='ltr'>agendo</span> <span class='ocrx_word' id='word_1_87' title='bbox 891 1107 1068 1160; x_wconf 84' lang='lat' dir='ltr'>negotio</span> <span class='ocrx_word' id='word_1_88' title='bbox 1109 1107 1365 1150; x_wconf 87' lang='lat' dir='ltr'>adhiberet:</span> <span class='ocrx_word' id='word_1_89' title='bbox 1415 1121 1603 1161; x_wconf 89' lang='lat' dir='ltr'>namque</span> <span class='ocrx_word' id='word_1_90' title='bbox 1637 1108 1719 1148; x_wconf 82' lang='lat' dir='ltr'>tali</span> 
     </span>
     <span class='ocr_line' id='line_1_13' title="bbox 271 1173 1718 1227; baseline 0 -14"><span class='ocrx_word' id='word_1_91' title='bbox 271 1176 468 1225; x_wconf 88' lang='lat' dir='ltr'>tempore</span> <span class='ocrx_word' id='word_1_92' title='bbox 485 1173 530 1213; x_wconf 90' lang='lat' dir='ltr'>in</span> <span class='ocrx_word' id='word_1_93' title='bbox 551 1186 782 1214; x_wconf 91' lang='lat' dir='ltr'>commune</span> <span class='ocrx_word' id='word_1_94' title='bbox 795 1177 809 1194; x_wconf 82' lang='lat'>²</span> <span class='ocrx_word' id='word_1_95' title='bbox 830 1173 887 1214; x_wconf 89' lang='lat' dir='ltr'>ab</span> <span class='ocrx_word' id='word_1_96' title='bbox 905 1173 1109 1214; x_wconf 87' lang='lat' dir='ltr'>omnibus</span> <span class='ocrx_word' id='word_1_97' title='bbox 1126 1174 1459 1223; x_wconf 85' lang='lat' dir='ltr'>consulendum,</span> <span class='ocrx_word' id='word_1_98' title='bbox 1474 1174 1718 1227; x_wconf 86' lang='lat' dir='ltr'>praesertim</span> 
     </span>
     <span class='ocr_line' id='line_1_14' title="bbox 271 1238 1717 1295; baseline 0.002 -17"><span class='ocrx_word' id='word_1_99' title='bbox 271 1239 427 1291; x_wconf 89' lang='lat' dir='ltr'>procul</span> <span class='ocrx_word' id='word_1_100' title='bbox 447 1240 502 1280; x_wconf 86' lang='lat' dir='ltr'>ab</span> <span class='ocrx_word' id='word_1_101' title='bbox 525 1238 673 1290; x_wconf 90' lang='lat' dir='ltr'>domo,</span> <span class='ocrx_word' id='word_1_102' title='bbox 704 1240 816 1281; x_wconf 90' lang='lat' dir='ltr'>locis</span> <span class='ocrx_word' id='word_1_103' title='bbox 848 1240 1002 1280; x_wconf 88' lang='lat' dir='ltr'>alienis</span> <span class='ocrx_word' id='word_1_104' title='bbox 1034 1244 1167 1293; x_wconf 85' lang='lat' dir='ltr'>atque</span> <span class='ocrx_word' id='word_1_105' title='bbox 1199 1240 1461 1282; x_wconf 88' lang='lat' dir='ltr'>hostilibus:</span> <span class='ocrx_word' id='word_1_106' title='bbox 1492 1253 1634 1295; x_wconf 92' lang='lat' dir='ltr'>neque</span> <span class='ocrx_word' id='word_1_107' title='bbox 1668 1253 1717 1281; x_wconf 91' lang='lat' dir='ltr'>se</span> 
     </span>
     <span class='ocr_line' id='line_1_15' title="bbox 273 1305 1718 1360; baseline 0.001 -15"><span class='ocrx_word' id='word_1_108' title='bbox 273 1305 414 1354; x_wconf 84' lang='lat' dir='ltr'>aliter,</span> <span class='ocrx_word' id='word_1_109' title='bbox 434 1305 545 1346; x_wconf 86' lang='lat' dir='ltr'>inter</span> <span class='ocrx_word' id='word_1_110' title='bbox 562 1309 651 1347; x_wconf 89' lang='lat' dir='ltr'>tam</span> <span class='ocrx_word' id='word_1_111' title='bbox 671 1306 823 1359; x_wconf 87' lang='lat' dir='ltr'>gravia</span> <span class='ocrx_word' id='word_1_112' title='bbox 841 1306 961 1347; x_wconf 86' lang='lat' dir='ltr'>bella</span> <span class='ocrx_word' id='word_1_113' title='bbox 979 1306 1175 1360; x_wconf 91' lang='lat' dir='ltr'>undique</span> <span class='ocrx_word' id='word_1_114' title='bbox 1195 1319 1346 1348; x_wconf 87' lang='lat' dir='ltr'>versus</span> <span class='ocrx_word' id='word_1_115' title='bbox 1367 1307 1557 1349; x_wconf 86' lang='lat' dir='ltr'>inimicis</span> <span class='ocrx_word' id='word_1_116' title='bbox 1578 1307 1718 1359; x_wconf 83' lang='lat' dir='ltr'>regio-</span> 
     </span>
     <span class='ocr_line' id='line_1_16' title="bbox 274 1372 1717 1427; baseline 0.003 -17"><span class='ocrx_word' id='word_1_117' title='bbox 274 1372 441 1422; x_wconf 73' lang='lat' dir='ltr'>nibus,³</span> <span class='ocrx_word' id='word_1_118' title='bbox 463 1384 604 1426; x_wconf 76' lang='lat' dir='ltr'>quarnv</span> <span class='ocrx_word' id='word_1_119' title='bbox 619 1372 859 1414; x_wconf 87' lang='lat' dir='ltr'>concordia</span> <span class='ocrx_word' id='word_1_120' title='bbox 879 1377 997 1414; x_wconf 84' lang='lat' dir='ltr'>tutos</span> <span class='ocrx_word' id='word_1_121' title='bbox 1019 1374 1129 1416; x_wconf 88' lang='lat' dir='ltr'>fore.</span> <span class='ocrx_word' id='word_1_122' title='bbox 1188 1373 1253 1415; x_wconf 88' lang='lat' dir='ltr'>At</span> <span class='ocrx_word' id='word_1_123' title='bbox 1273 1375 1349 1416; x_wconf 91' lang='lat' dir='ltr'>ubi</span> <span class='ocrx_word' id='word_1_124' title='bbox 1362 1374 1492 1416; x_wconf 91' lang='lat' dir='ltr'>finem</span> <span class='ocrx_word' id='word_1_125' title='bbox 1507 1373 1717 1427; x_wconf 87' lang='lat' dir='ltr'>loquendi</span> 
     </span>
     <span class='ocr_line' id='line_1_17' title="bbox 278 1437 1716 1494; baseline 0.001 -16"><span class='ocrx_word' id='word_1_126' title='bbox 278 1437 420 1487; x_wconf 81' lang='lat' dir='ltr'>fecit,2</span> <span class='ocrx_word' id='word_1_127' title='bbox 452 1439 602 1480; x_wconf 90' lang='lat' dir='ltr'>cuncti</span> <span class='ocrx_word' id='word_1_128' title='bbox 623 1439 758 1480; x_wconf 88' lang='lat' dir='ltr'>duces</span> <span class='ocrx_word' id='word_1_129' title='bbox 789 1440 1046 1481; x_wconf 84' lang='lat' dir='ltr'>collaudare</span> <span class='ocrx_word' id='word_1_130' title='bbox 1064 1447 1076 1470; x_wconf 85' lang='lat'><em>³</em></span> <span class='ocrx_word' id='word_1_131' title='bbox 1114 1441 1347 1482; x_wconf 87' lang='lat' dir='ltr'>consilium</span> <span class='ocrx_word' id='word_1_132' title='bbox 1378 1442 1477 1492; x_wconf 89' lang='lat' dir='ltr'>viri,</span> <span class='ocrx_word' id='word_1_133' title='bbox 1499 1441 1716 1494; x_wconf 86' lang='lat' dir='ltr'>simulque</span> 
     </span>
     <span class='ocr_line' id='line_1_18' title="bbox 270 1504 1717 1562; baseline 0.003 -18"><span class='ocrx_word' id='word_1_134' title='bbox 270 1504 569 1558; x_wconf 77' lang='lat' dir='ltr'>praedicantes</span> <span class='ocrx_word' id='word_1_135' title='bbox 599 1505 655 1546; x_wconf 84' lang='lat' dir='ltr'>ad</span> <span class='ocrx_word' id='word_1_136' title='bbox 685 1505 846 1547; x_wconf 88' lang='lat' dir='ltr'>coelum</span> <span class='ocrx_word' id='word_1_137' title='bbox 878 1507 1052 1557; x_wconf 89' lang='lat' dir='ltr'>tollere,</span> <span class='ocrx_word' id='word_1_138' title='bbox 1074 1507 1245 1549; x_wconf 87' lang='lat' dir='ltr'>scilicet</span> <span class='ocrx_word' id='word_1_139' title='bbox 1277 1508 1397 1562; x_wconf 91' lang='lat' dir='ltr'>quod</span> <span class='ocrx_word' id='word_1_140' title='bbox 1430 1521 1528 1549; x_wconf 93' lang='lat' dir='ltr'>cum</span> <span class='ocrx_word' id='word_1_141' title='bbox 1560 1507 1717 1549; x_wconf 88' lang='lat' dir='ltr'>virtute</span> 
     </span>
     <span class='ocr_line' id='line_1_19' title="bbox 274 1570 1717 1628; baseline 0.002 -17"><span class='ocrx_word' id='word_1_142' title='bbox 274 1570 506 1624; x_wconf 79' lang='lat' dir='ltr'>corporis‚¹³</span> <span class='ocrx_word' id='word_1_143' title='bbox 538 1576 629 1613; x_wconf 84' lang='lat' dir='ltr'>tum</span> <span class='ocrx_word' id='word_1_144' title='bbox 652 1572 822 1625; x_wconf 87' lang='lat' dir='ltr'>ingenio</span> <span class='ocrx_word' id='word_1_145' title='bbox 842 1573 1074 1615; x_wconf 84' lang='lat' dir='ltr'>universos</span> <span class='ocrx_word' id='word_1_146' title='bbox 1095 1575 1289 1616; x_wconf 87' lang='lat' dir='ltr'>anteiret.</span> <span class='ocrx_word' id='word_1_147' title='bbox 1349 1575 1464 1616; x_wconf 92' lang='lat' dir='ltr'>Post</span> <span class='ocrx_word' id='word_1_148' title='bbox 1484 1587 1581 1628; x_wconf 88' lang='lat' dir='ltr'>quae</span> <span class='ocrx_word' id='word_1_149' title='bbox 1599 1572 1717 1627; x_wconf 85' lang='lat' dir='ltr'>Aga-</span> 
     </span>
    </p>
   </div>
   <div class='ocr_carea' id='block_1_3' title="bbox 746 348 1262 380">
    <p class='ocr_par' dir='ltr' id='par_1_3' title="bbox 746 348 1262 380">
     <span class='ocr_line' id='line_1_20' title="bbox 746 348 1262 380; baseline 0 -1"><span class='ocrx_word' id='word_1_150' title='bbox 746 348 956 380; x_wconf 76' lang='lat' dir='ltr'>Dtc&#39;rYoS</span> <span class='ocrx_word' id='word_1_151' title='bbox 989 349 1262 380; x_wconf 78' lang='lat' dir='ltr'>CRETENSIS</span> 
     </span>
    </p>
   </div>
   <div class='ocr_carea' id='block_1_4' title="bbox 495 1763 1494 1806">
    <p class='ocr_par' dir='ltr' id='par_1_4' title="bbox 495 1763 1494 1806">
     <span class='ocr_line' id='line_1_21' title="bbox 495 1763 1494 1806; baseline 0.001 -12"><span class='ocrx_word' id='word_1_152' title='bbox 495 1767 515 1795; x_wconf 84' lang='lat'>2</span> <span class='ocrx_word' id='word_1_153' title='bbox 540 1763 667 1805; x_wconf 88' lang='lat' dir='ltr'>Delph.</span> <span class='ocrx_word' id='word_1_154' title='bbox 674 1763 774 1805; x_wconf 86' lang='lat' dir='ltr'>finem</span> <span class='ocrx_word' id='word_1_155' title='bbox 782 1763 864 1802; x_wconf 78' lang='lat' dir='ltr'>fecit</span> <span class='ocrx_word' id='word_1_156' title='bbox 880 1765 1098 1806; x_wconf 83' lang='lat' dir='ltr'>loquendi.—3</span> <span class='ocrx_word' id='word_1_157' title='bbox 1124 1764 1246 1806; x_wconf 85' lang='lat' dir='ltr'>Delph.</span> <span class='ocrx_word' id='word_1_158' title='bbox 1273 1764 1494 1796; x_wconf 74' lang='lat' dir='ltr'>collaudavere.</span> 
     </span>
    </p>
   </div>
   <div class='ocr_carea' id='block_1_5' title="bbox 924 1859 1064 1892">
    <p class='ocr_par' dir='ltr' id='par_1_5' title="bbox 924 1859 1064 1892">
     <span class='ocr_line' id='line_1_22' title="bbox 924 1859 1064 1892; baseline 0 -1"><span class='ocrx_word' id='word_1_159' title='bbox 924 1859 1064 1892; x_wconf 85' lang='lat' dir='ltr'><strong>NOTAE</strong></span> 
     </span>
    </p>
   </div>
   <div class='ocr_carea' id='block_1_6' title="bbox 268 1922 1713 2065">
    <p class='ocr_par' dir='ltr' id='par_1_6' title="bbox 268 1922 1713 2065">
     <span class='ocr_line' id='line_1_23' title="bbox 312 1922 1202 1964; baseline 0.001 -11"><span class='ocrx_word' id='word_1_160' title='bbox 312 1928 325 1942; x_wconf 78' lang='lat'>¹¹</span> <span class='ocrx_word' id='word_1_161' title='bbox 351 1923 414 1958; x_wconf 86' lang='lat' dir='ltr'>Qui</span> <span class='ocrx_word' id='word_1_162' title='bbox 435 1926 555 1963; x_wconf 81' lang='lat' dir='ltr'>partem</span> <span class='ocrx_word' id='word_1_163' title='bbox 575 1923 706 1964; x_wconf 84' lang='lat' dir='ltr'>praedoe]</span> <span class='ocrx_word' id='word_1_164' title='bbox 741 1923 821 1963; x_wconf 89' lang='lat' dir='ltr'>Ejus</span> <span class='ocrx_word' id='word_1_165' title='bbox 838 1922 963 1962; x_wconf 82' lang='lat' dir='ltr'>praedae</span> <span class='ocrx_word' id='word_1_166' title='bbox 1018 1924 1100 1963; x_wconf 90' lang='lat' dir='ltr'>lum,</span> <span class='ocrx_word' id='word_1_167' title='bbox 1119 1924 1202 1955; x_wconf 87' lang='lat'>11.1.</span> 
     </span>
     <span class='ocr_line' id='line_1_24' title="bbox 270 1972 1713 2014; baseline 0.002 -12"><span class='ocrx_word' id='word_1_168' title='bbox 270 1982 344 2013; x_wconf 81' lang='lat' dir='ltr'>quae</span> <span class='ocrx_word' id='word_1_169' title='bbox 364 1982 424 2012; x_wconf 84' lang='lat' dir='ltr'>per</span> <span class='ocrx_word' id='word_1_170' title='bbox 436 1972 579 2013; x_wconf 89' lang='lat' dir='ltr'>Ajacem</span> <span class='ocrx_word' id='word_1_171' title='bbox 592 1980 625 2004; x_wconf 83' lang='lat' dir='ltr'>et</span> <span class='ocrx_word' id='word_1_172' title='bbox 636 1972 800 2004; x_wconf 83' lang='lat' dir='ltr'>Achillem</span> <span class='ocrx_word' id='word_1_173' title='bbox 816 1972 963 2004; x_wconf 86' lang='lat' dir='ltr'>adducta</span> <span class='ocrx_word' id='word_1_174' title='bbox 1059 1979 1072 2001; x_wconf 65' lang='grc' dir='ltr'>ν</span> <span class='ocrx_word' id='word_1_175' title='bbox 1084 1973 1270 2014; x_wconf 82' lang='lat' dir='ltr'>Deprecari]</span> <span class='ocrx_word' id='word_1_176' title='bbox 1280 1974 1423 2014; x_wconf 88' lang='lat' dir='ltr'>Semper</span> <span class='ocrx_word' id='word_1_177' title='bbox 1434 1972 1523 2014; x_wconf 91' lang='lat' dir='ltr'>apud</span> <span class='ocrx_word' id='word_1_178' title='bbox 1539 1973 1713 2011; x_wconf 86' lang='lat' dir='ltr'>Nostrum,</span> 
     </span>
     <span class='ocr_line' id='line_1_25' title="bbox 268 2021 1375 2065; baseline 0.003 -13"><span class='ocrx_word' id='word_1_179' title='bbox 268 2021 392 2053; x_wconf 84' lang='lat' dir='ltr'>fuerat.</span> <span class='ocrx_word' id='word_1_180' title='bbox 1017 2033 1078 2064; x_wconf 91' lang='lat' dir='ltr'>pro</span> <span class='ocrx_word' id='word_1_181' title='bbox 1094 2023 1217 2055; x_wconf 87' lang='lat' dir='ltr'>obnixe</span> <span class='ocrx_word' id='word_1_182' title='bbox 1233 2023 1375 2065; x_wconf 81' lang='lat' dir='ltr'>precari.</span> 
     </span>
    </p>
   </div>
   <div class='ocr_carea' id='block_1_7' title="bbox 263 2072 962 2909">
    <p class='ocr_par' dir='ltr' id='par_1_7' title="bbox 265 2072 962 2562">
     <span class='ocr_line' id='line_1_26' title="bbox 311 2072 962 2114; baseline 0 -10"><span class='ocrx_word' id='word_1_183' title='bbox 311 2078 324 2093; x_wconf 83' lang='lat' dir='ltr'>v</span> <span class='ocrx_word' id='word_1_184' title='bbox 347 2073 461 2104; x_wconf 84' lang='lat' dir='ltr'>Lemno</span> <span class='ocrx_word' id='word_1_185' title='bbox 476 2072 668 2114; x_wconf 80' lang='lat' dir='ltr'>regreditur]</span> <span class='ocrx_word' id='word_1_186' title='bbox 699 2072 755 2104; x_wconf 92' lang='lat' dir='ltr'>Ab</span> <span class='ocrx_word' id='word_1_187' title='bbox 770 2073 842 2104; x_wconf 89' lang='lat' dir='ltr'>aliis</span> <span class='ocrx_word' id='word_1_188' title='bbox 858 2073 962 2104; x_wconf 89' lang='lat' dir='ltr'>omni-</span> 
     </span>
     <span class='ocr_line' id='line_1_27' title="bbox 269 2122 962 2164; baseline 0 -11"><span class='ocrx_word' id='word_1_189' title='bbox 269 2122 330 2154; x_wconf 84' lang='lat' dir='ltr'>bus</span> <span class='ocrx_word' id='word_1_190' title='bbox 347 2123 399 2154; x_wconf 82' lang='lat' dir='ltr'>hic</span> <span class='ocrx_word' id='word_1_191' title='bbox 416 2123 537 2164; x_wconf 86' lang='lat' dir='ltr'>Dictys</span> <span class='ocrx_word' id='word_1_192' title='bbox 552 2122 727 2153; x_wconf 81' lang='lat' dir='ltr'>dissentit:</span> <span class='ocrx_word' id='word_1_193' title='bbox 743 2131 857 2153; x_wconf 90' lang='lat' dir='ltr'>omnes</span> <span class='ocrx_word' id='word_1_194' title='bbox 874 2123 962 2153; x_wconf 86' lang='lat' dir='ltr'>enim</span> 
     </span>
     <span class='ocr_line' id='line_1_28' title="bbox 267 2171 961 2204; baseline -0.003 0"><span class='ocrx_word' id='word_1_195' title='bbox 267 2183 333 2204; x_wconf 86' lang='lat' dir='ltr'>nno</span> <span class='ocrx_word' id='word_1_196' title='bbox 358 2182 522 2204; x_wconf 85' lang='lat' dir='ltr'>consensu</span> <span class='ocrx_word' id='word_1_197' title='bbox 546 2172 685 2203; x_wconf 89' lang='lat' dir='ltr'>tradunt</span> <span class='ocrx_word' id='word_1_198' title='bbox 712 2171 753 2202; x_wconf 85' lang='lat' dir='ltr'>ab</span> <span class='ocrx_word' id='word_1_199' title='bbox 770 2172 900 2203; x_wconf 79' lang='lat' dir='ltr'>Graecis</span> <span class='ocrx_word' id='word_1_200' title='bbox 917 2172 961 2202; x_wconf 89' lang='lat' dir='ltr'>le-</span> 
     </span>
     <span class='ocr_line' id='line_1_29' title="bbox 266 2220 961 2262; baseline -0.001 -9"><span class='ocrx_word' id='word_1_201' title='bbox 266 2228 363 2262; x_wconf 85' lang='lat' dir='ltr'>gatos</span> <span class='ocrx_word' id='word_1_202' title='bbox 389 2222 552 2253; x_wconf 89' lang='lat' dir='ltr'>Lemnum</span> <span class='ocrx_word' id='word_1_203' title='bbox 570 2222 684 2252; x_wconf 85' lang='lat' dir='ltr'>missos</span> <span class='ocrx_word' id='word_1_204' title='bbox 708 2221 765 2262; x_wconf 87' lang='lat' dir='ltr'>qui</span> <span class='ocrx_word' id='word_1_205' title='bbox 792 2220 961 2252; x_wconf 85' lang='lat' dir='ltr'>Philocte-</span> 
     </span>
     <span class='ocr_line' id='line_1_30' title="bbox 267 2270 962 2310; baseline -0.001 -8"><span class='ocrx_word' id='word_1_206' title='bbox 267 2276 335 2303; x_wconf 83' lang='lat' dir='ltr'>tam</span> <span class='ocrx_word' id='word_1_207' title='bbox 360 2271 394 2302; x_wconf 89' lang='lat' dir='ltr'>in</span> <span class='ocrx_word' id='word_1_208' title='bbox 419 2276 531 2303; x_wconf 84' lang='lat' dir='ltr'>castra</span> <span class='ocrx_word' id='word_1_209' title='bbox 558 2270 775 2302; x_wconf 83' lang='lat' dir='ltr'>reducerent.</span> <span class='ocrx_word' id='word_1_210' title='bbox 819 2270 962 2310; x_wconf 88' lang='lat' dir='ltr'>Legatos</span> 
     </span>
     <span class='ocr_line' id='line_1_31' title="bbox 266 2319 962 2362; baseline 0 -11"><span class='ocrx_word' id='word_1_211' title='bbox 266 2330 325 2352; x_wconf 85' lang='lat' dir='ltr'>eos</span> <span class='ocrx_word' id='word_1_212' title='bbox 335 2321 491 2362; x_wconf 88' lang='lat' dir='ltr'>Ulyssem</span> <span class='ocrx_word' id='word_1_213' title='bbox 508 2324 543 2352; x_wconf 87' lang='lat' dir='ltr'>et</span> <span class='ocrx_word' id='word_1_214' title='bbox 560 2320 756 2351; x_wconf 85' lang='lat' dir='ltr'>Diomedem</span> <span class='ocrx_word' id='word_1_215' title='bbox 772 2324 873 2351; x_wconf 88' lang='lat' dir='ltr'>vocat</span> <span class='ocrx_word' id='word_1_216' title='bbox 890 2319 962 2360; x_wconf 86' lang='lat' dir='ltr'>Hy-</span> 
     </span>
     <span class='ocr_line' id='line_1_32' title="bbox 267 2370 962 2411; baseline 0 -9"><span class='ocrx_word' id='word_1_217' title='bbox 267 2371 377 2411; x_wconf 81' lang='lat' dir='ltr'>ginus.</span> <span class='ocrx_word' id='word_1_218' title='bbox 401 2370 504 2403; x_wconf 85' lang='lat' dir='ltr'>Ovid.</span> <span class='ocrx_word' id='word_1_219' title='bbox 539 2371 693 2411; x_wconf 84' lang='lat' dir='ltr'>Ulyssem</span> <span class='ocrx_word' id='word_1_220' title='bbox 711 2374 840 2401; x_wconf 84' lang='lat' dir='ltr'>tautum</span> <span class='ocrx_word' id='word_1_221' title='bbox 857 2370 962 2411; x_wconf 84' lang='lat' dir='ltr'>ponit.</span> 
     </span>
     <span class='ocr_line' id='line_1_33' title="bbox 265 2420 961 2452; baseline 0 0"><span class='ocrx_word' id='word_1_222' title='bbox 265 2420 451 2452; x_wconf 86' lang='lat' dir='ltr'>Pausanias</span> <span class='ocrx_word' id='word_1_223' title='bbox 478 2420 680 2452; x_wconf 90' lang='lat' dir='ltr'>Diomedem</span> <span class='ocrx_word' id='word_1_224' title='bbox 708 2423 850 2451; x_wconf 83' lang='lat' dir='ltr'>tantum.</span> <span class='ocrx_word' id='word_1_225' title='bbox 901 2420 961 2452; x_wconf 91' lang='lat' dir='ltr'>So·</span> 
     </span>
     <span class='ocr_line' id='line_1_34' title="bbox 266 2470 959 2511; baseline 0.001 -10"><span class='ocrx_word' id='word_1_226' title='bbox 266 2472 417 2511; x_wconf 87' lang='lat' dir='ltr'>phocles,</span> <span class='ocrx_word' id='word_1_227' title='bbox 433 2471 466 2502; x_wconf 92' lang='lat' dir='ltr'>in</span> <span class='ocrx_word' id='word_1_228' title='bbox 480 2471 684 2507; x_wconf 85' lang='lat' dir='ltr'>Philoctete,</span> <span class='ocrx_word' id='word_1_229' title='bbox 700 2470 866 2511; x_wconf 86' lang='lat' dir='ltr'>Pyrrhum</span> <span class='ocrx_word' id='word_1_230' title='bbox 883 2480 959 2502; x_wconf 92' lang='lat' dir='ltr'>cum</span> 
     </span>
     <span class='ocr_line' id='line_1_35' title="bbox 269 2520 713 2562; baseline -0.002 -10"><span class='ocrx_word' id='word_1_231' title='bbox 269 2521 393 2562; x_wconf 84' lang='lat' dir='ltr'>Ulysse</span> <span class='ocrx_word' id='word_1_232' title='bbox 410 2520 599 2562; x_wconf 87' lang='lat' dir='ltr'>profectum</span> <span class='ocrx_word' id='word_1_233' title='bbox 617 2520 713 2551; x_wconf 82' lang='lat' dir='ltr'>dicit.</span> 
     </span>
    </p>

    <p class='ocr_par' dir='ltr' id='par_1_8' title="bbox 263 2567 961 2802">
     <span class='ocr_line' id='line_1_36' title="bbox 308 2567 959 2610; baseline -0.003 -8"><span class='ocrx_word' id='word_1_234' title='bbox 308 2576 329 2591; x_wconf 75' lang='lat'>&#39;⁷</span> <span class='ocrx_word' id='word_1_235' title='bbox 355 2570 526 2602; x_wconf 80' lang='lat' dir='ltr'>Consilium</span> <span class='ocrx_word' id='word_1_236' title='bbox 553 2569 731 2610; x_wconf 79' lang='lat' dir='ltr'>agentibus]</span> <span class='ocrx_word' id='word_1_237' title='bbox 777 2567 959 2601; x_wconf 84' lang='lat' dir='ltr'>Consilium</span> 
     </span>
     <span class='ocr_line' id='line_1_37' title="bbox 266 2618 960 2662; baseline -0.004 -11"><span class='ocrx_word' id='word_1_238' title='bbox 266 2620 350 2652; x_wconf 85' lang='lat' dir='ltr'>dicit</span> <span class='ocrx_word' id='word_1_239' title='bbox 376 2621 467 2662; x_wconf 88' lang='lat' dir='ltr'>quod</span> <span class='ocrx_word' id='word_1_240' title='bbox 495 2620 675 2652; x_wconf 87' lang='lat' dir='ltr'>concilium</span> <span class='ocrx_word' id='word_1_241' title='bbox 700 2623 776 2657; x_wconf 64' lang='grc' dir='ltr'>θεῖς</span> <span class='ocrx_word' id='word_1_242' title='bbox 799 2628 907 2659; x_wconf 84' lang='lat' dir='ltr'>neque</span> <span class='ocrx_word' id='word_1_243' title='bbox 926 2618 960 2649; x_wconf 89' lang='lat' dir='ltr'>id</span> 
     </span>
     <span class='ocr_line' id='line_1_38' title="bbox 265 2668 961 2712; baseline -0.006 -10"><span class='ocrx_word' id='word_1_244' title='bbox 265 2671 428 2712; x_wconf 89' lang='lat' dir='ltr'>exemplis</span> <span class='ocrx_word' id='word_1_245' title='bbox 463 2675 571 2702; x_wconf 89' lang='lat' dir='ltr'>caret.</span> <span class='ocrx_word' id='word_1_246' title='bbox 629 2671 685 2702; x_wconf 88' lang='lat' dir='ltr'>Sic</span> <span class='ocrx_word' id='word_1_247' title='bbox 715 2669 807 2701; x_wconf 85' lang='lat' dir='ltr'>Galli</span> <span class='ocrx_word' id='word_1_248' title='bbox 843 2668 961 2699; x_wconf 90' lang='lat' dir='ltr'>dicunt</span> 
     </span>
     <span class='ocr_line' id='line_1_39' title="bbox 263 2718 956 2761; baseline -0.003 -10"><span class='ocrx_word' id='word_1_249' title='bbox 263 2722 389 2761; x_wconf 74' lang='lat' dir='ltr'>conscit,</span> <span class='ocrx_word' id='word_1_250' title='bbox 417 2721 460 2752; x_wconf 87' lang='lat' dir='ltr'>de</span> <span class='ocrx_word' id='word_1_251' title='bbox 490 2721 562 2752; x_wconf 92' lang='lat' dir='ltr'>loco</span> <span class='ocrx_word' id='word_1_252' title='bbox 593 2721 663 2761; x_wconf 87' lang='lat' dir='ltr'>illo,</span> <span class='ocrx_word' id='word_1_253' title='bbox 692 2719 750 2751; x_wconf 87' lang='lat' dir='ltr'>ubi</span> <span class='ocrx_word' id='word_1_254' title='bbox 780 2718 956 2750; x_wconf 82' lang='lat' dir='ltr'>consilium</span> 
     </span>
     <span class='ocr_line' id='line_1_40' title="bbox 263 2770 418 2802; baseline 0.013 -2"><span class='ocrx_word' id='word_1_255' title='bbox 263 2770 418 2802; x_wconf 82' lang='lat' dir='ltr'>habetur.</span> 
     </span>
    </p>

    <p class='ocr_par' dir='ltr' id='par_1_9' title="bbox 268 2819 955 2909">
     <span class='ocr_line' id='line_1_41' title="bbox 306 2819 955 2860; baseline -0.003 -9"><span class='ocrx_word' id='word_1_256' title='bbox 306 2824 322 2839; x_wconf 70' lang='lat'>’²</span> <span class='ocrx_word' id='word_1_257' title='bbox 344 2820 431 2858; x_wconf 76' lang='lat' dir='ltr'>Ajax</span> <span class='ocrx_word' id='word_1_258' title='bbox 459 2819 668 2860; x_wconf 83' lang='lat' dir='ltr'>Telamonius]</span> <span class='ocrx_word' id='word_1_259' title='bbox 700 2819 801 2859; x_wconf 84' lang='lat' dir='ltr'>Apud</span> <span class='ocrx_word' id='word_1_260' title='bbox 830 2819 955 2850; x_wconf 87' lang='lat' dir='ltr'>Home-</span> 
     </span>
     <span class='ocr_line' id='line_1_42' title="bbox 268 2868 954 2909; baseline -0.003 -9"><span class='ocrx_word' id='word_1_261' title='bbox 268 2878 353 2909; x_wconf 87' lang='lat' dir='ltr'>rum,</span> <span class='ocrx_word' id='word_1_262' title='bbox 376 2869 503 2901; x_wconf 78' lang='lat' dir='ltr'>Nestor</span> <span class='ocrx_word' id='word_1_263' title='bbox 535 2870 637 2901; x_wconf 82' lang='lat' dir='ltr'>verba</span> <span class='ocrx_word' id='word_1_264' title='bbox 665 2868 760 2900; x_wconf 86' lang='lat' dir='ltr'>facit.</span> <span class='ocrx_word' id='word_1_265' title='bbox 804 2868 892 2900; x_wconf 85' lang='lat' dir='ltr'>Vide</span> <span class='ocrx_word' id='word_1_266' title='bbox 917 2868 954 2898; x_wconf 89' lang='lat' dir='ltr'>il-</span> 
     </span>
    </p>
   </div>
   <div class='ocr_carea' id='block_1_8' title="bbox 1010 2072 1713 2856">
    <p class='ocr_par' dir='ltr' id='par_1_10' title="bbox 1013 2072 1713 2659">
     <span class='ocr_line' id='line_1_43' title="bbox 1058 2072 1713 2115; baseline -0.006 -9"><span class='ocrx_word' id='word_1_267' title='bbox 1058 2080 1070 2095; x_wconf 86' lang='lat' dir='ltr'>z</span> <span class='ocrx_word' id='word_1_268' title='bbox 1094 2075 1237 2115; x_wconf 80' lang='lat' dir='ltr'>Namque</span> <span class='ocrx_word' id='word_1_269' title='bbox 1260 2074 1317 2105; x_wconf 81' lang='lat' dir='ltr'>tali</span> <span class='ocrx_word' id='word_1_270' title='bbox 1344 2076 1478 2113; x_wconf 84' lang='lat' dir='ltr'>tempore</span> <span class='ocrx_word' id='word_1_271' title='bbox 1499 2072 1532 2103; x_wconf 83' lang='lat' dir='ltr'>in</span> <span class='ocrx_word' id='word_1_272' title='bbox 1547 2079 1713 2113; x_wconf 82' lang='lat' dir='ltr'>commune,</span> 
     </span>
     <span class='ocr_line' id='line_1_44' title="bbox 1015 2123 1710 2165; baseline -0.004 -10"><span class='ocrx_word' id='word_1_273' title='bbox 1015 2123 1085 2165; x_wconf 51' lang='lat' dir='ltr'>Qua]</span> <span class='ocrx_word' id='word_1_274' title='bbox 1111 2125 1177 2157; x_wconf 86' lang='lat' dir='ltr'>Qui</span> <span class='ocrx_word' id='word_1_275' title='bbox 1205 2124 1374 2165; x_wconf 89' lang='lat' dir='ltr'>obliquam</span> <span class='ocrx_word' id='word_1_276' title='bbox 1400 2123 1499 2154; x_wconf 83' lang='lat' dir='ltr'>istam</span> <span class='ocrx_word' id='word_1_277' title='bbox 1526 2123 1710 2153; x_wconf 86' lang='lat' dir='ltr'>orationem</span> 
     </span>
     <span class='ocr_line' id='line_1_45' title="bbox 1017 2171 1710 2214; baseline -0.007 -8"><span class='ocrx_word' id='word_1_278' title='bbox 1017 2179 1150 2206; x_wconf 84' lang='lat' dir='ltr'>attente</span> <span class='ocrx_word' id='word_1_279' title='bbox 1174 2174 1309 2214; x_wconf 85' lang='lat' dir='ltr'>legerit,</span> <span class='ocrx_word' id='word_1_280' title='bbox 1333 2173 1360 2204; x_wconf 92' lang='lat' dir='ltr'>is</span> <span class='ocrx_word' id='word_1_281' title='bbox 1387 2172 1519 2204; x_wconf 84' lang='lat' dir='ltr'>sanein</span> <span class='ocrx_word' id='word_1_282' title='bbox 1536 2181 1577 2202; x_wconf 89' lang='lat' dir='ltr'>ea</span> <span class='ocrx_word' id='word_1_283' title='bbox 1592 2171 1710 2202; x_wconf 88' lang='lat' dir='ltr'>miram</span> 
     </span>
     <span class='ocr_line' id='line_1_46' title="bbox 1016 2221 1712 2265; baseline -0.004 -10"><span class='ocrx_word' id='word_1_284' title='bbox 1016 2224 1328 2265; x_wconf 88' lang='lat' dir='ltr'>inconsequentiam</span> <span class='ocrx_word' id='word_1_285' title='bbox 1340 2221 1584 2263; x_wconf 86' lang='lat' dir='ltr'>deprehendet.</span> <span class='ocrx_word' id='word_1_286' title='bbox 1605 2221 1712 2253; x_wconf 90' lang='lat' dir='ltr'>Aiunt</span> 
     </span>
     <span class='ocr_line' id='line_1_47' title="bbox 1016 2271 1709 2313; baseline -0.004 -8"><span class='ocrx_word' id='word_1_287' title='bbox 1016 2274 1186 2313; x_wconf 86' lang='lat' dir='ltr'>Graeci,se</span> <span class='ocrx_word' id='word_1_288' title='bbox 1199 2283 1264 2304; x_wconf 89' lang='lat' dir='ltr'>non</span> <span class='ocrx_word' id='word_1_289' title='bbox 1278 2273 1320 2304; x_wconf 92' lang='lat' dir='ltr'>ob</span> <span class='ocrx_word' id='word_1_290' title='bbox 1332 2272 1516 2304; x_wconf 87' lang='lat' dir='ltr'>utilitatem</span> <span class='ocrx_word' id='word_1_291' title='bbox 1530 2281 1637 2311; x_wconf 89' lang='lat' dir='ltr'>suam,</span> <span class='ocrx_word' id='word_1_292' title='bbox 1649 2271 1709 2303; x_wconf 89' lang='lat' dir='ltr'>sed</span> 
     </span>
     <span class='ocr_line' id='line_1_48' title="bbox 1015 2320 1708 2362; baseline -0.006 -7"><span class='ocrx_word' id='word_1_293' title='bbox 1015 2323 1150 2355; x_wconf 87' lang='lat' dir='ltr'>honoris</span> <span class='ocrx_word' id='word_1_294' title='bbox 1166 2323 1301 2361; x_wconf 85' lang='lat' dir='ltr'>merito,</span> <span class='ocrx_word' id='word_1_295' title='bbox 1317 2320 1459 2353; x_wconf 87' lang='lat' dir='ltr'>Achillis</span> <span class='ocrx_word' id='word_1_296' title='bbox 1482 2321 1626 2361; x_wconf 85' lang='lat' dir='ltr'>gratiam</span> <span class='ocrx_word' id='word_1_297' title='bbox 1651 2331 1708 2362; x_wconf 86' lang='lat' dir='ltr'>pe-</span> 
     </span>
     <span class='ocr_line' id='line_1_49' title="bbox 1014 2371 1709 2411; baseline -0.003 -8"><span class='ocrx_word' id='word_1_298' title='bbox 1014 2376 1104 2411; x_wconf 81' lang='lat' dir='ltr'>tere3</span> <span class='ocrx_word' id='word_1_299' title='bbox 1126 2372 1185 2403; x_wconf 91' lang='lat' dir='ltr'>sed</span> <span class='ocrx_word' id='word_1_300' title='bbox 1202 2371 1293 2402; x_wconf 87' lang='lat' dir='ltr'>illum</span> <span class='ocrx_word' id='word_1_301' title='bbox 1310 2375 1421 2402; x_wconf 88' lang='lat' dir='ltr'>tamen</span> <span class='ocrx_word' id='word_1_302' title='bbox 1437 2371 1560 2402; x_wconf 88' lang='lat' dir='ltr'>obnixe</span> <span class='ocrx_word' id='word_1_303' title='bbox 1575 2374 1709 2410; x_wconf 86' lang='lat' dir='ltr'>rogant,</span> 
     </span>
     <span class='ocr_line' id='line_1_50' title="bbox 1014 2419 1708 2460; baseline -0.001 -9"><span class='ocrx_word' id='word_1_304' title='bbox 1014 2425 1051 2451; x_wconf 84' lang='lat' dir='ltr'>ut</span> <span class='ocrx_word' id='word_1_305' title='bbox 1067 2430 1103 2451; x_wconf 89' lang='lat' dir='ltr'>se</span> <span class='ocrx_word' id='word_1_306' title='bbox 1118 2420 1221 2452; x_wconf 90' lang='lat' dir='ltr'>etiam</span> <span class='ocrx_word' id='word_1_307' title='bbox 1234 2420 1330 2460; x_wconf 89' lang='lat' dir='ltr'>operi</span> <span class='ocrx_word' id='word_1_308' title='bbox 1345 2419 1529 2459; x_wconf 83' lang='lat' dir='ltr'>adjungat;</span> <span class='ocrx_word' id='word_1_309' title='bbox 1545 2420 1605 2450; x_wconf 87' lang='lat' dir='ltr'>tali</span> <span class='ocrx_word' id='word_1_310' title='bbox 1620 2428 1708 2459; x_wconf 85' lang='lat' dir='ltr'>prae-</span> 
     </span>
     <span class='ocr_line' id='line_1_51' title="bbox 1013 2468 1707 2509; baseline -0.004 -7"><span class='ocrx_word' id='word_1_311' title='bbox 1013 2470 1129 2501; x_wconf 85' lang='lat' dir='ltr'>sertim</span> <span class='ocrx_word' id='word_1_312' title='bbox 1155 2474 1321 2509; x_wconf 87' lang='lat' dir='ltr'>tempore,</span> <span class='ocrx_word' id='word_1_313' title='bbox 1343 2478 1418 2499; x_wconf 90' lang='lat' dir='ltr'>cum</span> <span class='ocrx_word' id='word_1_314' title='bbox 1443 2468 1542 2507; x_wconf 86' lang='lat' dir='ltr'>longe</span> <span class='ocrx_word' id='word_1_315' title='bbox 1567 2477 1587 2498; x_wconf 86' lang='lat' dir='ltr'>a</span> <span class='ocrx_word' id='word_1_316' title='bbox 1607 2468 1707 2499; x_wconf 89' lang='lat' dir='ltr'>domo</span> 
     </span>
     <span class='ocr_line' id='line_1_52' title="bbox 1014 2517 1708 2560; baseline -0.006 -9"><span class='ocrx_word' id='word_1_317' title='bbox 1014 2530 1085 2557; x_wconf 87' lang='lat' dir='ltr'>sua,</span> <span class='ocrx_word' id='word_1_318' title='bbox 1110 2520 1144 2551; x_wconf 91' lang='lat' dir='ltr'>in</span> <span class='ocrx_word' id='word_1_319' title='bbox 1170 2528 1252 2560; x_wconf 86' lang='lat' dir='ltr'>agro</span> <span class='ocrx_word' id='word_1_320' title='bbox 1277 2518 1390 2549; x_wconf 87' lang='lat' dir='ltr'>hostili</span> <span class='ocrx_word' id='word_1_321' title='bbox 1417 2522 1453 2548; x_wconf 88' lang='lat' dir='ltr'>et</span> <span class='ocrx_word' id='word_1_322' title='bbox 1477 2517 1566 2548; x_wconf 84' lang='lat' dir='ltr'>inter</span> <span class='ocrx_word' id='word_1_323' title='bbox 1589 2517 1708 2556; x_wconf 84' lang='lat' dir='ltr'>gravia</span> 
     </span>
     <span class='ocr_line' id='line_1_53' title="bbox 1013 2566 1705 2610; baseline -0.006 -9"><span class='ocrx_word' id='word_1_324' title='bbox 1013 2570 1115 2610; x_wconf 86' lang='lat' dir='ltr'>bella,</span> <span class='ocrx_word' id='word_1_325' title='bbox 1136 2569 1199 2600; x_wconf 84' lang='lat' dir='ltr'>nisi</span> <span class='ocrx_word' id='word_1_326' title='bbox 1228 2578 1289 2610; x_wconf 87' lang='lat' dir='ltr'>per</span> <span class='ocrx_word' id='word_1_327' title='bbox 1314 2567 1529 2600; x_wconf 87' lang='lat' dir='ltr'>concordiam</span> <span class='ocrx_word' id='word_1_328' title='bbox 1551 2566 1615 2598; x_wconf 88' lang='lat' dir='ltr'>tuti</span> <span class='ocrx_word' id='word_1_329' title='bbox 1631 2575 1705 2598; x_wconf 80' lang='lat' dir='ltr'>esse</span> 
     </span>
     <span class='ocr_line' id='line_1_54' title="bbox 1013 2616 1704 2659; baseline -0.006 -8"><span class='ocrx_word' id='word_1_330' title='bbox 1013 2629 1081 2652; x_wconf 89' lang='lat' dir='ltr'>non</span> <span class='ocrx_word' id='word_1_331' title='bbox 1099 2624 1249 2659; x_wconf 84' lang='lat' dir='ltr'>possunt.</span> <span class='ocrx_word' id='word_1_332' title='bbox 1287 2618 1390 2650; x_wconf 86' lang='lat' dir='ltr'>Certe</span> <span class='ocrx_word' id='word_1_333' title='bbox 1405 2616 1462 2648; x_wconf 89' lang='lat' dir='ltr'>vix</span> <span class='ocrx_word' id='word_1_334' title='bbox 1475 2617 1576 2648; x_wconf 86' lang='lat' dir='ltr'>risum</span> <span class='ocrx_word' id='word_1_335' title='bbox 1592 2619 1704 2647; x_wconf 81' lang='lat' dir='ltr'>teneo.</span> 
     </span>
    </p>

    <p class='ocr_par' dir='ltr' id='par_1_11' title="bbox 1010 2663 1704 2751">
     <span class='ocr_line' id='line_1_55' title="bbox 1055 2663 1704 2708; baseline -0.009 -7"><span class='ocrx_word' id='word_1_336' title='bbox 1055 2674 1069 2690; x_wconf 74' lang='lat'>²³</span> <span class='ocrx_word' id='word_1_337' title='bbox 1090 2668 1233 2708; x_wconf 85' lang='lat' dir='ltr'>Undique</span> <span class='ocrx_word' id='word_1_338' title='bbox 1247 2676 1352 2699; x_wconf 72' lang='lat' dir='ltr'>versus</span> <span class='ocrx_word' id='word_1_339' title='bbox 1365 2665 1501 2697; x_wconf 80' lang='lat' dir='ltr'>inimicis</span> <span class='ocrx_word' id='word_1_340' title='bbox 1514 2663 1704 2705; x_wconf 78' lang='lat' dir='ltr'>regionibus]</span> 
     </span>
     <span class='ocr_line' id='line_1_56' title="bbox 1010 2717 1400 2751; baseline -0.01 -1"><span class='ocrx_word' id='word_1_341' title='bbox 1010 2718 1240 2751; x_wconf 80' lang='lat' dir='ltr'>Existentibns</span> <span class='ocrx_word' id='word_1_342' title='bbox 1256 2717 1400 2748; x_wconf 87' lang='lat' dir='ltr'>scilicet.</span> 
     </span>
    </p>

    <p class='ocr_par' dir='ltr' id='par_1_12' title="bbox 1011 2764 1704 2856">
     <span class='ocr_line' id='line_1_57' title="bbox 1052 2764 1704 2806; baseline -0.008 -6"><span class='ocrx_word' id='word_1_343' title='bbox 1052 2769 1067 2790; x_wconf 73' lang='lat' dir='ltr'>b</span> <span class='ocrx_word' id='word_1_344' title='bbox 1094 2769 1217 2800; x_wconf 77' lang='lat' dir='ltr'>Virtute</span> <span class='ocrx_word' id='word_1_345' title='bbox 1243 2765 1393 2806; x_wconf 83' lang='lat' dir='ltr'>corporis]</span> <span class='ocrx_word' id='word_1_346' title='bbox 1426 2764 1493 2797; x_wconf 86' lang='lat' dir='ltr'>Hic</span> <span class='ocrx_word' id='word_1_347' title='bbox 1520 2765 1627 2796; x_wconf 86' lang='lat' dir='ltr'>virtus</span> <span class='ocrx_word' id='word_1_348' title='bbox 1651 2768 1704 2796; x_wconf 89' lang='lat' dir='ltr'>est</span> 
     </span>
     <span class='ocr_line' id='line_1_58' title="bbox 1011 2812 1702 2856; baseline -0.009 -6"><span class='ocrx_word' id='word_1_349' title='bbox 1011 2818 1125 2850; x_wconf 84' lang='lat' dir='ltr'>robur.</span> <span class='ocrx_word' id='word_1_350' title='bbox 1169 2817 1226 2848; x_wconf 91' lang='lat' dir='ltr'>Sic</span> <span class='ocrx_word' id='word_1_351' title='bbox 1252 2815 1382 2847; x_wconf 86' lang='lat' dir='ltr'>Graecis</span> <span class='ocrx_word' id='word_1_352' title='bbox 1404 2813 1582 2856; x_wconf 87' lang='lat' dir='ltr'>aliqnando</span> <span class='ocrx_word' id='word_1_353' title='bbox 1598 2812 1702 2853; x_wconf 68' lang='grc' dir='ltr'>ἀρετή.</span> 
     </span>
    </p>
   </div>
  </div>
 </body>
</html>
