1915 3231
276 247 362 290 222
747 259 958 290 nic'rYos
992 259 1264 290 CRETENffls

274 358 458 393 tremum
488 364 673 406 corpora
702 365 784 395 sua
813 354 1000 408 quisque
1033 359 1251 404 curantes,
1281 354 1382 395 vino
1412 358 1548 408 atque
1579 354 1725 408 epulis

274 431 350 472 per
369 419 552 460 multam
571 424 758 470 noctem,
781 419 964 474 Ajacem
986 422 1204 474 simulque
1219 425 1238 450 ⁴
1263 420 1483 461 Achillem
1517 421 1724 463 laudibus

274 485 506 536 celebrant,
541 490 674 540 atque
705 487 762 528 ad
795 488 958 528 coelum
989 488 1144 528 ferunt·
1206 487 1269 528 At
1299 487 1417 540 apud
1445 487 1628 541 Trojam
1647 488 1725 529 ubi

273 554 445 605 requies
464 553 657 594 funerum
679 558 759 605 est,
779 566 865 595 non
883 553 977 608 jam
997 554 1124 595 dolor
1145 555 1188 595 in
1210 567 1317 596 casu
1340 553 1616 604 Memnonis:
1643 554 1722 595 sed

272 626 430 669 metuS,
451 624 495 661 et
525 634 706 662 summae
738 634 893 670 rerum,
924 621 1172 674 desperatio
1199 621 1460 661 incesserat:
1489 633 1590 660 cum
1620 620 1721 662 hinc

272 684 536 738 Sarpedonis
570 687 786 737 interitus,
827 686 927 727 inde
963 687 1160 728 insecuta
1194 687 1331 740 paulo
1369 691 1472 739 post
1508 687 1719 727 Hectoris

272 752 419 792 clades
440 766 541 806 spes
571 754 760 806 reliquas
790 753 947 794 animis
968 753 1253 794 abstulisset:
1269 758 1283 783 ⁵
1317 765 1459 807 neque
1478 753 1594 806 quod
1616 766 1722 807 pos-

270 824 458 859 tremum
498 820 542 859 in
583 819 818 860 Memnone
867 819 1043 861 fortuna
1084 820 1316 870 obtulerat,
1367 821 1581 874 reliquum
1624 820 1720 873 Jam

269 885 510 926 existeret.⁶
557 886 629 926 Ita
661 887 981 927 confluentibus
1005 887 1050 927 in
1083 900 1218 927 unum
1240 891 1306 928 tot
1333 888 1549 937 adversis,
1570 899 1721 929 curam

268 964 440 991 omnem
461 951 755 1004 exsurgendi¹¹
777 952 1053 993 omiserant.7
1112 951 1193 1006 [9.]
1223 952 1288 993 At
1315 957 1417 1006 post
1437 966 1605 1007 paucos
1625 953 1720 994 dies

269 1017 434 1065 Graeci,
455 1018 654 1058 instructi
682 1018 830 1068 armis,
850 1031 1102 1071 processere
1120 1019 1163 1058 in
1184 1032 1408 1072 campum,
1431 1020 1718 1070 lacessentes,

267 1084 305 1123 si
337 1083 580 1133 auderent,v
609 1084 666 1125 ad
695 1084 947 1125 bellandum
968 1084 1208 1138 Trojanos.
1267 1085 1383 1136 Quis
1405 1087 1498 1127 dux
1518 1087 1720 1127 Alexan-

266 1149 340 1190 der
361 1163 459 1191 cum
481 1150 660 1204 reliquis
679 1151 886 1192 fratribus
907 1151 1092 1192 militem
1113 1152 1300 1202 ordinat,
1331 1156 1461 1206 atque
1483 1152 1718 1194 adversum

265 1217 421 1269 pergit.
480 1217 568 1258 Sed
604 1218 861 1271 priusquam
891 1217 1016 1258 ferire
1036 1217 1146 1259 inter
1166 1231 1215 1259 se
1237 1219 1371 1267 acies,
1403 1224 1481 1260 aut
1501 1219 1594 1273 jaci
1624 1219 1718 1259 tela

267 1296 460 1336 coepere,
479 1284 652 1325 barbari
680 1284 866 1325 solutis8
896 1284 1160 1326 ordinibusW
1189 1285 1338 1338 fugam
1360 1285 1552 1327 faciunt:
1585 1286 1715 1327 caesi-

262 1364 350 1404 que
368 1364 518 1391 eorum
535 1352 726 1405 plurimi,
745 1357 820 1393 aut
837 1352 881 1392 in
899 1351 1060 1392 flumen
1076 1353 1355 1405 praecipites⁹
1373 1353 1479 1402 dati,
1495 1366 1594 1394 cum
1610 1353 1714 1393 hinc

262 1423 397 1471 atque
417 1418 519 1459 inde
541 1419 752 1471 ingrueret
769 1419 922 1469 hostis,
953 1424 1088 1473 atque
1109 1419 1300 1472 undique
1323 1419 1502 1461 ademta
1519 1420 1626 1472 fuga
1645 1433 1714 1460 es-

260 1489 343 1525 set.
405 1484 535 1538 Capti
558 1486 692 1527 etiam
713 1486 922 1541 Lycaon*
945 1491 988 1528 et
1007 1486 1218 1528 Troilusy
1240 1486 1491 1536 Priamidae,
1513 1499 1643 1541 quos,
1665 1487 1711 1527 in

260 1551 453 1592 medium
494 1552 751 1604 productos,
791 1553 987 1594 Achilles
1019 1553 1213 1607 jugulari
1247 1552 1405 1606 jubet:
1448 1553 1711 1606 indignatus,

259 1618 450 1658 nondum
488 1619 573 1659 sibi
603 1632 629 1659 a
662 1619 842 1660 Priamo
871 1633 1006 1673 super
1034 1619 1104 1660 his
1137 1632 1238 1672 quoe
1269 1632 1418 1659 secum
1449 1622 1710 1660 tractaverat

259 1683 531 1725 mandatum.
593 1684 706 1736 Quae
724 1686 799 1727 ubi
820 1685 1162 1727 animadvertere
1183 1685 1376 1739 Trojani,
1398 1686 1555 1727 tollunt
1568 1686 1706 1738 gemi-

863 1802 1101 1815 eeeeeeeeeeee

248 1876 339 1915 ferre
353 1887 438 1918 oequo
454 1878 633 1909 animm—4
657 1879 777 1918 Delph.
794 1879 886 1910 simul
901 1885 1005 1920 atque,
1031 1883 1067 1910 et
1094 1888 1171 1909 mox
1199 1878 1369 1910 omittitur
1394 1882 1424 1909 et
1450 1882 1528 1918 post
1551 1881 1705 1909 metue.—

254 1923 272 1950 5
289 1920 411 1960 Delph.
428 1921 700 1952 abstulissenl.—6
718 1922 842 1961 Delph.
857 1926 950 1962 atque
965 1923 1005 1952 ad
1021 1932 1051 1960 p.
1068 1921 1101 1952 in
1117 1921 1167 1951 M.
1185 1922 1312 1960 quems.
1326 1932 1355 1952 o.
1371 1920 1612 1961 reliquiumjam
1624 1921 1705 1951 nihil

253 1963 476 1995 wisteren—7
510 1963 631 2004 Delpb.
667 1964 915 1995 amiserant.—8
944 1964 1073 2004 Delph.
1099 1963 1325 1995 desolatis.-9
1360 1963 1487 2004 Delph.
1513 1972 1703 2005 praeceps.—

908 2068 1049 2100 NOTAE

295 2144 305 2163 ¹
327 2142 425 2173 Dolor
439 2142 473 2174 in
487 2151 559 2174 casu
573 2143 762 2185 Memnonis]
789 2144 870 2184 Pro,
889 2143 948 2175 do·
1000 2143 1076 2174 AEn.
1095 2153 1119 2174 1.
1136 2146 1212 2176 478.
1227 2145 1237 2161 ⁴
1252 2144 1358 2174 Parte
1376 2143 1440 2174 alia
1456 2142 1587 2184 fugiens
1600 2143 1699 2174 amis-

249 2192 304 2223 lor
332 2202 351 2223 e
382 2202 462 2223 casu
491 2192 697 2225 Memnonis.
741 2194 855 2226 Nolim
883 2195 946 2225 hoc
999 2193 1042 2224 sis
1057 2194 1193 2225 Troilus
1206 2194 1318 2232 armis,
1336 2193 1462 2224 Infelix
1481 2203 1578 2234 puer,
1594 2198 1698 2235 atque

250 2240 388 2273 imitari.
997 2242 1107 2282 impar
1132 2252 1334 2282 congressus
1359 2242 1495 2282 Achilli,
1519 2243 1640 2274 Fertur
1663 2253 1698 2274 e—

294 2296 307 2311 ¹¹
332 2291 548 2331 Exsurgendi]
571 2292 653 2324 Sese
669 2292 833 2333 erigendi.
998 2292 1085 2332 quis,
1099 2300 1268 2332 curruque
1280 2291 1389 2322 haeret
1401 2291 1579 2332 resupinus
1596 2292 1698 2331 inani,

291 2345 305 2360 v
328 2341 367 2372 Si
380 2342 544 2382 auderent]
559 2343 803 2383 Transpositio,
819 2343 946 2375 Nostro
999 2342 1086 2372 Lora
1115 2346 1233 2372 tenens
1251 2346 1362 2372 tamen
1379 2353 1384 2369 :
1408 2341 1487 2373 huie
1511 2342 1696 2383 cervixque

247 2396 284 2422 et
299 2391 372 2422 aliis
388 2392 489 2423 etiam
510 2391 698 2423 familiaris.
741 2393 853 2424 Series
870 2398 943 2425 est:
998 2400 1173 2432 comaeque
1200 2391 1380 2421 trahuntur
1396 2391 1465 2422 Per
1494 2396 1633 2430 terram,
1659 2397 1695 2423 et

247 2442 257 2458 ⁴
275 2441 495 2472 Lacessentes
509 2441 670 2483 Trojanos
681 2441 722 2473 ad
740 2441 944 2482 bellandum,
998 2449 1096 2471 versa
1113 2440 1220 2480 pulvis
1235 2440 1432 2471 inscribitur
1445 2439 1566 2472 hasta!
1597 2440 1694 2472 Idem

248 2489 276 2520 si
294 2489 485 2522 auderent.'
996 2495 1032 2522 et
1056 2489 1145 2521 infra
1180 2491 1286 2521 Dares
1315 2491 1495 2531 Phrygius.
1548 2491 1693 2523 Tzetzes

299 2545 320 2559 W
344 2540 462 2571 Solutis
488 2541 678 2582 [Desolatis]
702 2541 877 2583 ordinibus]
901 2542 943 2575 A·
996 2541 1115 2572 scribit
1138 2541 1288 2572 Troilum
1305 2539 1490 2579 fugientem
1509 2540 1542 2571 in
1559 2540 1693 2580 Apolli-

245 2589 441 2621 hundonnant
457 2591 500 2621 les
513 2600 620 2631 raugs,
644 2591 790 2623 Gallice.
995 2591 1047 2621 nis
1056 2589 1247 2630 Thymbraei
1264 2591 1426 2630 templum
1444 2600 1480 2621 se
1495 2590 1693 2630 conjecisse,

287 2643 303 2658 x
326 2638 466 2679 Lycaon]
497 2640 607 2672 Quem
634 2641 804 2672 Homerus
830 2640 871 2672 ab
897 2641 941 2672 A.
995 2639 1083 2671 unde
1110 2649 1184 2671 cum
1210 2649 1285 2671 eum
1313 2639 1463 2671 Achilles
1493 2639 1690 2671 abstrahere

243 2687 344 2718 cbille
362 2689 395 2718 in
412 2698 523 2728 pugna
539 2689 687 2720 occisum
704 2690 799 2731 dicit,
815 2691 858 2723 11.
873 2695 908 2722 Φ.
994 2699 1060 2721 non
1089 2694 1215 2730 posset,
1233 2689 1335 2729 juxta
1350 2698 1441 2720 aram
1457 2698 1534 2720 eum
1549 2688 1689 2728 occidit,

287 2741 300 2761 y
324 2736 459 2776 Troilus]
483 2737 585 2769 Hunc
603 2743 714 2770 tamen
731 2747 938 2780 pugnantem
994 2739 1083 2771 unde
1098 2744 1132 2770 et
1151 2738 1300 2770 Achilles
1318 2743 1439 2779 postea
1455 2738 1545 2770 idem
1563 2738 1606 2771 ab
1621 2739 1687 2771 alio

244 2783 286 2815 ab
299 2784 429 2817 Achille
440 2786 655 2821 interfectum
667 2788 832 2823 describit
842 2790 938 2831 Virg.
987 2790 1090 2831 juxta
1104 2789 1245 2822 eandem
1262 2799 1352 2821 aram
1370 2799 1496 2831 passus·
