1915 3231
304 276 359 316 10
768 286 1017 318 Josnpuus
1052 287 1297 318 smmum

304 380 480 422 lunam.'
544 380 846 422 Doctissimus
864 381 1107 422 Politianus
1126 381 1195 421 hic
1219 380 1460 421 hariolatur
1476 385 1635 434 praeter
1655 380 1761 422 soli-

305 454 411 497 tum,
450 448 504 489 de
544 448 721 489 silentio
753 449 880 490 lunae.
939 447 1128 489 Constat
1157 448 1287 500 igitur
1315 448 1518 488 omnibus
1559 447 1613 487 de
1648 453 1760 488 tem-

303 528 410 568 pore
431 516 548 566 anui,
571 529 656 556 non
676 515 730 556 de
751 529 878 557 anno.
939 515 1059 556 Nam
1078 515 1164 556 fine
1185 515 1302 555 veris
1334 515 1455 556 Ilion
1476 519 1659 568 captum
1678 527 1761 555 vo-

301 582 410 632 lunt,
431 583 564 637 paulo
586 586 683 624 ante
706 583 967 623 solstitium.
1020 581 1153 633 Quod
1177 584 1221 622 et
1234 581 1450 634 Virgilius
1471 585 1651 623 secutus
1665 586 1759 624 est:

699 648 795 690 Vix
811 649 955 702 prima
974 648 1201 702 inceperat
1222 652 1377 698 aestas,

474 716 533 758 Et
553 720 680 770 pater
698 716 866 757 AEneas
883 715 985 757 dare
1007 715 1151 756 ventis
1174 716 1273 756 vela
1282 716 1481 770 jubebat.

302 785 372 825 De
399 796 513 824 anno
545 795 649 823 vero
676 795 766 823 non
802 783 1019 823 convenit.
1081 782 1222 836 Atqui
1255 783 1504 825 doctissimi
1533 784 1642 825 inter
1660 797 1757 835 eos,

301 851 377 905 qui
397 851 493 892 haec
509 849 874 903 disquisiverunt,
885 849 1164 890 intervallum
1186 862 1212 890 a
1233 855 1363 904 capto
1386 850 1471 892 Ilio
1493 851 1548 892 ad
1569 852 1757 905 primam

300 917 613 971 Olympiadem
658 916 875 957 definiunt
914 929 1126 958 annorum
1163 918 1262 958 407.
1295 919 1499 971 praecise,
1534 919 1757 973 Ephorus,

301 984 610 1033 Callisthenes,
634 984 890 1032 Damastes,
916 983 1198 1038 PhylarchOS,
1217 983 1420 1026 Canones
1434 985 1757 1038 Eratosthenis,

299 1051 461 1103 quibus
483 1051 668 1090 multum
691 1051 840 1091 tribuit
861 1051 1108 1105 Dionysius
1134 1051 1563 1094 Halicarnassensis.
1606 1052 1758 1103 Quare

299 1117 524 1158 Diodorus
541 1117 739 1158 omnium
760 1119 1121 1159 accuratissimus
1139 1119 1203 1160 ait
1220 1132 1379 1160 annum
1398 1120 1587 1173 primum
1601 1119 1757 1173 Olym-

296 1184 441 1237 piadis
461 1185 530 1225 94.
551 1183 837 1233 desinentem,
858 1184 940 1225 hoc
963 1190 1046 1236 est,
1067 1198 1229 1226 annum
1249 1185 1350 1226 373.
1383 1199 1409 1227 a
1437 1187 1580 1240 primo
1603 1185 1756 1241 Olym-

295 1251 399 1303 pico
428 1250 612 1301 ludicro,
651 1263 750 1291 esse
779 1250 1022 1304 ὀγδοηκοστὸν
1053 1251 1138 1306 πρὸς
1168 1253 1243 1299 τοῖς
1284 1251 1519 1299 ἑπτακοσίοις
1555 1255 1655 1305 μετὰ
1689 1255 1755 1304 τὴν

299 1317 429 1373 Τροίας
449 1317 603 1359 ἅλωσιν.
670 1317 884 1360 Deductis
918 1319 1051 1372 igitur
1071 1320 1171 1361 373.
1205 1319 1259 1360 de
1279 1319 1379 1361 780.
1402 1324 1625 1362 remanent
1645 1322 1753 1363 anni

295 1387 397 1428 407.
476 1385 763 1427 Intervallum
785 1399 812 1427 a
834 1390 965 1440 capto
980 1387 1068 1428 Ilio
1092 1387 1149 1428 ad
1165 1387 1234 1428 95.
1267 1386 1582 1441 Olympiadem
1603 1388 1754 1429 ineun-

295 1459 395 1494 tem.
455 1452 654 1505 Contigit
680 1453 810 1506 igitur
840 1467 972 1495 casus
994 1466 1108 1495 anno
1125 1454 1252 1494 tertio
1279 1455 1419 1496 tertiae
1440 1454 1752 1497 Tetraeteridos

293 1519 475 1569 Atticae,
493 1520 577 1560 boc
594 1523 676 1568 est,
700 1532 816 1561 anno
835 1521 903 1561 ll.
920 1520 1092 1574 periodi
1114 1519 1295 1570 Atticae,
1319 1521 1580 1574 plenilunio.
1629 1521 1674 1563 N
1677 1535 1750 1563 eo—

294 1588 434 1628 menia
462 1586 781 1640 Thargelionos
811 1587 884 1629 31.
918 1587 1029 1628 Mai.
1089 1586 1318 1628 Vicesima
1339 1588 1470 1628 tertia
1490 1587 1751 1642 Thargelio-

293 1667 377 1695 nos
395 1656 438 1695 in
455 1655 526 1695 22.
549 1653 691 1695 Junii.
768 1653 1041 1708 Supererant
1065 1652 1121 1693 ad
1147 1660 1285 1708 caput
1306 1655 1409 1695 anni
1431 1657 1658 1708 sequentis
1677 1655 1749 1697 37.

292 1721 386 1761 dies
408 1735 416 1762 :
448 1734 632 1775 quorum
656 1720 725 1762 16.
747 1721 802 1762 ad
824 1723 962 1778 τςοπάς
984 1721 1133 1778 θερινὰς,
1154 1721 1198 1762 id
1222 1727 1292 1762 est
1307 1722 1348 1763 8.
1367 1721 1397 1763 J
1400 1722 1482 1762 ulii
1499 1722 1747 1764 exclusive.

293 1787 351 1828 Et
367 1788 551 1841 proinde
567 1788 635 1829 21.
658 1792 778 1829 erant
795 1787 963 1843 περιτταὶ
986 1786 1133 1842 ἡμέραι,
1156 1788 1214 1829 ad
1235 1792 1368 1842 caput
1389 1789 1489 1830 anni
1506 1790 1749 1843 sequentis,

291 1859 339 1896 ut
367 1855 504 1895 habes
535 1855 647 1896 libro
675 1856 837 1909 primo,
859 1855 905 1895 in
924 1854 1102 1896 Tabula
1125 1854 1466 1896 Neomeniarum
1484 1855 1748 1898 Atticarum.

291 1921 377 1962 Sed
400 1922 645 1975 Dionysius
669 1922 1088 1964 Halicarnassensis
1119 1922 1228 1964 dicit
1247 1923 1383 1963 fuisse
1403 1923 1560 1976 viginti
1579 1928 1747 1965 tantum

290 1986 483 2042 περιττοῖς,
512 1989 573 2030 17.
597 1993 741 2030 autem
761 1989 817 2029 ad
838 1987 992 2043 τροπάς.
1040 1989 1256 2043 Intelligit
1275 2002 1375 2043 ergo
1397 1990 1628 2031 inclusive.
1671 1990 1749 2030 In-

290 2056 429 2097 cludit
449 2056 563 2096 enim
585 2056 626 2097 8.
656 2056 768 2097 Julii
797 2057 843 2097 in
873 2057 999 2097 illum
1029 2069 1270 2097 numerum.
1331 2055 1466 2106 Quod
1493 2061 1539 2098 et
1569 2057 1746 2098 Plutar-

289 2122 416 2163 chum
447 2123 590 2164 facere
627 2123 1033 2173 animadvertimus,
1055 2124 1133 2176 qui
1163 2137 1242 2178 pro
1271 2123 1472 2177 τριάκοντα
1503 2123 1612 2166 dicit
1639 2140 1746 2179 τρια-

290 2187 436 2239 κοστὸν,
459 2194 501 2231 et
521 2196 675 2231 contra
696 2189 899 2231 ἑκατοστὸν
920 2204 1001 2245 pro
1023 2187 1167 2231 ἕκατον.
1229 2190 1389 2244 Neque
1401 2191 1479 2232 ille
1492 2192 1652 2242 solum,
1667 2193 1746 2234 sed

289 2260 334 2296 et
356 2256 432 2297 alii
450 2256 615 2299 Graeci.
675 2257 839 2300 Incidit
859 2259 992 2311 igitur
1012 2258 1090 2299 ille
1112 2270 1254 2298 annus
1275 2259 1318 2298 in
1338 2258 1465 2300 3531.
1481 2258 1745 2312 periodiJu-

287 2323 434 2364 lianae.
494 2323 650 2364 Annus
672 2330 820 2365 autem
841 2325 1009 2378 primus
1031 2325 1170 2379 Iphiti
1191 2325 1347 2366 incidit
1367 2326 1413 2366 in
1434 2338 1593 2366 annum
1612 2325 1743 2369 3938.

286 2390 455 2443 periodi
478 2390 507 2431 J
513 2391 688 2433 ulianae.
733 2391 1009 2441 Differentia,
1033 2391 1138 2432 anni
1168 2391 1268 2432 407.
1290 2391 1411 2444 quod
1430 2398 1523 2433 erat
1542 2394 1744 2446 proposi·

287 2462 393 2497 tum.
457 2456 650 2498 Notabis
681 2462 823 2499 autem
854 2458 897 2498 in
928 2459 1083 2499 tabula
1113 2458 1456 2499 Neomeniarum
1475 2457 1742 2509 Atticarum,

286 2523 399 2564 libro
436 2524 593 2577 primo,
631 2523 805 2580 περιττάς
839 2524 977 2581 ἡμέρας
1008 2526 1220 2579 pertinere
1241 2537 1326 2565 non
1347 2525 1404 2565 ad
1435 2538 1532 2566 enm
1556 2538 1741 2578 annum;

287 2590 360 2630 cui
381 2591 601 2643 appositae
636 2597 754 2641 sunt,
776 2592 854 2632 sed
877 2592 933 2633 ad
953 2595 1225 2645 sequentem.
1287 2591 1552 2645 Exemplum
1585 2593 1630 2633 in
1650 2593 1741 2646 pri-

286 2669 357 2696 mo
381 2669 493 2697 anno
516 2658 690 2710 periodi
718 2662 947 2700 annotatur
965 2661 1116 2713 περιττὴ
1137 2659 1271 2700 nulla.
1333 2658 1440 2699 Hoc
1462 2659 1693 2710 signifieat,
1713 2673 1742 2701 a

286 2722 370 2762 fine
387 2724 704 2775 antecedentis,
727 2726 801 2779 qui
823 2730 915 2766 erat
935 2726 1115 2767 ultimus
1128 2724 1317 2779 periodi,
1340 2726 1397 2766 ad
1417 2726 1584 2766 initium
1606 2726 1738 2779 primi

287 2788 402 2838 anni,
442 2789 604 2832 nullam
646 2805 745 2834 esse
776 2794 946 2847 περιττὴν
979 2790 1130 2850 ἡμέραν.
1190 2792 1363 2834 Rursus
1395 2792 1592 2834 secundo
1624 2805 1736 2835 anno
