1915 3231
571 340 633 371 DE
668 338 823 368 BELLo
855 337 1082 368 TROJANO
1118 338 1211 367 [ΑΒ.
1245 339 1275 368 1.
1561 327 1643 368 101

198 436 424 489 appulere.
482 434 612 475 Unde
634 433 789 474 sumtis
811 432 981 485 aliquot
1001 431 1187 472 navibus
1209 430 1466 472 Phoenicem
1488 430 1646 484 delap-

197 515 291 552 sus,
322 501 604 543 Sidoniorum
633 512 794 552 regem,
823 499 1015 551 quicum
1046 499 1186 539 amice
1207 501 1479 550 susceperat,
1509 504 1643 538 noctu

196 581 275 621 per
294 569 481 609 insidias
498 573 516 599 9
536 571 663 608 necat
681 580 690 608 ε
720 566 965 619 eademque
991 578 1079 619 qua
1109 564 1228 618 apud
1250 565 1612 605 Lacedaemonam
1631 570 1643 587 ¹

196 635 454 688 cupiditate,
498 635 746 675 universam
784 632 963 673 domum
1001 633 1098 686 ejus
1141 633 1187 672 in
1227 632 1374 672 scelus
1414 630 1643 684 proprium

195 702 437 742 convertit.p
496 701 569 741 Ita
600 699 747 741 omnia
778 711 879 752 quae
912 698 967 739 ad
999 698 1345 739 ostentationem
1375 696 1506 750 regiae
1526 709 1645 748 mag-

192 768 426 809 nificentiae
457 766 593 816 fuere,
631 766 807 818 indigne
841 769 999 819 rapta,‘¹
1041 766 1098 807 ad
1137 778 1273 807 naves
1315 764 1483 805 deferri·
1505 763 1647 816 jubet.

194 834 284 876 Sed
304 835 379 874 ubi
397 847 454 875 ex
474 833 782 874 lamentatione
800 846 963 882 eorum,
978 833 1053 886 qui
1071 845 1225 874 casum
1238 831 1404 872 domini
1420 829 1645 879 deflentes,

191 901 346 954 reliqui
368 900 534 954 praedae
571 899 840 951 aufugerant,
860 898 1072 939 tumultus
1093 903 1218 939 ortus
1238 900 1318 946 est,
1339 896 1530 950 populus
1552 908 1646 936 om-

192 968 262 1008 nis
295 968 352 1008 ad
385 967 551 1019 regiam
583 966 810 1006 concurrit.
871 964 983 1006 Inde
1019 965 1139 1019 quod
1166 965 1261 1019 jam
1282 963 1538 1005 Alexander
1567 963 1645 1003 ab·

191 1035 345 1088 reptis,
376 1046 476 1087 quae
497 1033 713 1085 cupierat,
736 1032 1041 1072 ascensionem
1057 1036 1072 1054 2
1103 1032 1385 1085 properabat,
1405 1043 1483 1083 pro
1498 1035 1510 1058 ³
1539 1033 1647 1070 tem-

192 1113 299 1154 pore
321 1100 476 1142 armati
505 1099 562 1140 ad
581 1112 720 1140 naves
740 1099 934 1148 veniunt,
966 1102 1150 1151 ortoque
1179 1099 1292 1139 inter
1312 1110 1392 1138 eos
1419 1097 1508 1138 acri
1528 1110 1643 1150 prae-

192 1168 270 1217 lio,
282 1167 446 1208 cadunt
466 1166 681 1219 utrimque
704 1165 909 1218 plurimi3
932 1177 1032 1205 cum
1052 1165 1266 1206 obstinate
1286 1164 1330 1204 hi
1351 1164 1467 1216 regis
1488 1176 1642 1204 necem

191 1233 489 1281 defenderent,
520 1232 566 1272 hi
586 1245 639 1272 ne
660 1232 916 1272 amitterent
936 1235 1107 1284 partam
1127 1231 1322 1285 praedam
1343 1231 1525 1272 summis
1545 1231 1644 1283 opi-

192 1301 276 1341 bus
305 1300 614 1340 anniterentur.
672 1298 867 1338 Incensis
903 1298 1004 1338 dein
1038 1298 1208 1339 duabus
1240 1298 1439 1346 navibus,
1460 1296 1644 1350 Trojani

190 1366 386 1419 reliquas
416 1370 590 1406 strenue
611 1365 816 1406 defensas
838 1365 1040 1414 liberant,
1071 1369 1206 1418 atque
1229 1365 1307 1413 ita,
1338 1364 1533 1416 fatigatis
1547 1364 1643 1417 jam

190 1433 348 1486 praelio
378 1433 597 1482 hostibus,
634 1432 842 1473 evadunt.
899 1430 979 1485 [6.]
1010 1431 1190 1472 Interim
1223 1432 1343 1485 apud
1373 1430 1552 1484 Trojam
1582 1431 1643 1470 lc-

190 1505 390 1552 gatorum
427 1498 710 1547 Palamedes,
740 1497 865 1550 cujus
887 1497 1116 1538 maxime4
1144 1510 1198 1538 ea
1229 1502 1490 1550 tempestate
1521 1496 1641 1536 domi

190 1567 380 1621 bellique
395 1572 408 1589 f
437 1566 671 1607 consilium
687 1564 844 1613 valuit,
862 1563 916 1603 ad
944 1563 1163 1604 Priamum
1185 1562 1308 1613 adit,⁵
1332 1563 1640 1617 conductoque

797 1668 1035 1682 eeeeeeeeee

184 1753 207 1781 9
231 1749 358 1790 Delpli.
373 1749 571 1780 insidia—1
597 1748 863 1779 Lacedaemoniam
880 1748 1002 1788 Delph.
1018 1751 1054 1778 et
1070 1747 1189 1778 Barth.
1205 1747 1215 1764 ‘
1229 1746 1286 1787 qui
1304 1746 1462 1777 dubitare
1480 1755 1515 1777 se
1533 1747 1578 1776 ait
1597 1755 1637 1776 an

186 1793 266 1823 urbs
284 1793 354 1832 ipsa
371 1802 390 1822 a
407 1792 528 1822 Latino
543 1796 683 1822 auctore
700 1792 749 1822 ita
764 1791 807 1821 sit
822 1796 996 1831 usurpata.
1027 1790 1095 1821 Sed
1113 1790 1295 1820 observare
1312 1789 1432 1820 debuit
1447 1788 1498 1819 vir
1513 1789 1641 1819 doctis-

185 1837 299 1873 simus,
317 1834 596 1865 Lacedaemouam
613 1833 703 1874 apud
720 1839 906 1871 auctorem,
924 1842 988 1864 non
1013 1842 1075 1872 pro
1092 1832 1188 1870 urbe,
1207 1841 1281 1872 quae
1299 1836 1334 1862 et
1347 1832 1481 1871 Sparta,
1499 1831 1557 1861 sed
1577 1840 1637 1870 pro

186 1876 346 1913 Laconia,
363 1881 398 1907 et
415 1877 550 1915 regione
567 1876 643 1915 ipsa
657 1875 755 1914 sumi,
779 1880 816 1906 ut
838 1885 880 1906 ex
896 1885 927 1907 c.
944 1878 996 1906 17.
1013 1875 1153 1905 evidens
1170 1874 1244 1904 εει]
1272 1873 1487 1912 Vinding.-2
1512 1873 1638 1912 Delph.

182 1919 478 1951 abscessionem—3
504 1918 821 1959 Delph.parvo.—-4
845 1918 973 1958 Delph.
996 1917 1031 1948 in
1045 1921 1158 1950 ea.—-5
1183 1916 1309 1957 Delpli.
1331 1916 1486 1947 odfin—6
1510 1916 1637 1956 Delph.

839 2015 870 2047 N
878 2015 983 2047 0⁷1·AE

184 2079 341 2111 Enstath.
371 2079 409 2110 ‘0
425 2078 458 2110 δὲ
473 2078 515 2110 τὰ
531 2077 651 2119 Κύπρια
675 2078 807 2115 ποιήσας
829 2078 882 2109 λε’-

181 2139 233 2166 ·Ιει
256 2128 295 2160 ὣς
309 2129 443 2168 τριταῖος
464 2128 499 2158 ἐκ
516 2127 661 2167 Σπάρτης
682 2127 882 2168 Ἀλέξανδρος

935 2077 1071 2110 fecisse.

978 2134 993 2155 (ἱ
1012 2128 1146 2167 Indigno
1161 2126 1269 2168 raptu]
1295 2125 1438 2158 Homeri
1454 2127 1633 2168 Interpres

181 2177 310 2218 ἄφίκετο
326 2177 523 2209 εἰςτὸἼλιον
537 2177 623 2217 ἄγων
643 2177 785 2218 Ἑλένην,
801 2177 887 2209 εὗαέΐ
936 2176 979 2208 ad
1012 2178 1122 2208 locum
1153 2185 1258 2216 snpra
1296 2176 1472 2207 laudatum
1503 2177 1561 2208 nbi
1591 2178 1634 2208 de

180 2240 216 2259 τε
223 2227 372 2267 πνεύματι
378 2226 585 2270 χρησάμενος,
594 2227 644 2258 καὶ
653 2227 794 2270 θαλάττῃ
800 2227 881 2270 λείᾳ.

179 2280 222 2311 Id
236 2284 300 2320 est,
323 2283 332 2297 ‘
343 2280 410 2312 Qui
426 2279 554 2319 Cypria
569 2279 717 2310 earmina
731 2280 879 2319 scripsit,

180 2329 264 2360 dicit
280 2329 370 2370 quod
385 2329 487 2360 tertio
504 2328 560 2359 die
577 2338 620 2360 ex
634 2328 759 2370 Sparta
775 2330 877 2360 Alex-

181 2379 286 2411 ander
302 2379 402 2410 Ilium
420 2378 588 2419 pervenit,
609 2379 759 2410 secundo
776 2383 879 2410 vento

179 2439 260 2460 usus
273 2433 309 2460 et
323 2428 408 2459 mari
431 2428 637 2469 tranquillo.'
682 2428 878 2464 Postrema,

178 2477 265 2511 εὐαέῖ
276 2490 312 2510 τε
327 2478 489 2518 πνεύματι,
513 2478 594 2509 mihi
617 2477 778 2510 videntur
801 2488 877 2510 esse

176 2530 325 2570 ipsamet
355 2529 458 2560 verba
485 2528 635 2560 auctoris
663 2529 878 2570 Cypriorum.

177 2578 268 2610 Nam
291 2584 328 2610 et
349 2577 467 2609 eadem
491 2577 540 2609 sic
563 2578 680 2609 attulit
706 2578 878 2611 Herodot.

176 2628 316 2661 Deinde
331 2637 423 2659 mere
440 2627 576 2668 poetica
588 2632 678 2660 sunt.

220 2683 237 2704 Ρ
252 2678 294 2709 In
307 2678 405 2709 scelus
417 2678 577 2718 proprium
590 2677 758 2717 convertit]
790 2678 876 2710 Haec

177 2727 316 2759 duriora
336 2731 416 2758 sunt
438 2736 538 2768 quam
557 2732 595 2759 ut
620 2732 714 2759 recte
744 2728 877 2768 possint

176 2778 355 2818 explicari,
398 2777 515 2808 Facile
530 2781 644 2808 tamen
669 2777 875 2811 sentiuntur.

176 2828 239 2860 Ait
253 2828 413 2859 Paridem
434 2827 656 2868 compilatam
671 2827 807 2858 domum
823 2828 876 2859 Si-

175 2875 270 2909 donii
284 2876 375 2917 regis
397 2885 460 2918 per
476 2876 587 2908 scelus
610 2876 675 2909 sibi
698 2877 874 2918 propriam

938 2226 1041 2267 peplo
1071 2230 1107 2257 et
1134 2225 1332 2256 mulieribus
1364 2225 1521 2261 Sidoniis,
1549 2237 1632 2267 quas

937 2285 1051 2306 secum
1077 2274 1272 2306 Alexander
1295 2274 1454 2314 duxerat,
1491 2277 1629 2307 scribit:

933 2326 1053 2366 Παριὼν
1068 2323 1121 2356 οὖν
1136 2324 1185 2355 διὰ
1199 2325 1256 2361 τῆς
1270 2325 1410 2362 Σιδῶνος,
1432 2325 1550 2365 reginei&
1577 2336 1639 2363 ’γυ-Δ

932 2377 1038 2407 ναῖκας
1050 2373 1105 2414 ἔξω
1118 2375 1176 2404 τοῦ
1192 2373 1305 2405 ἄστεος
1320 2373 1413 2414 εὑρὼν
1425 2372 1520 2409 ἔλαβε
1529 2373 1631 2412 τρόπῳ

931 2426 1102 2467 λῃστρικῷ.
1138 2425 1147 2441 ‘
1161 2424 1232 2454 Per
1246 2423 1407 2454 Sidonem
1425 2425 1626 2463 praeteriens

932 2476 1148 2514 Paris,extra
1163 2473 1280 2504 urbem
1298 2473 1454 2503 inventas
1472 2474 1630 2504 mulieres

933 2525 1048 2566 rapuit
1059 2533 1151 2555 more
1165 2521 1356 2554 latronum-²
1378 2522 1460 2558 Ubi,
1473 2528 1510 2554 ut
1524 2523 1630 2562 vides,

932 2575 1086 2606 diversus
1109 2572 1181 2604 abit
1204 2582 1224 2603 a
1245 2572 1388 2610 Nostro,
1405 2576 1493 2602 utet
1513 2573 1630 2604 Eusta-

931 2625 1021 2656 thius
1037 2624 1124 2664 ipse,
1136 2621 1192 2663 qui
1207 2620 1264 2652 τὰς
1277 2621 1426 2659 γυναῖκας
1440 2621 1561 2660 εἴληφε,
1579 2623 1630 2653 in-

932 2674 1019 2716 quit,
1031 2672 1130 2713 τυχὸν
1141 2670 1199 2711 μὲν
1213 2669 1420 2709 ὠνησάμενος,
1433 2670 1507 2702 ἴσως
1522 2671 1556 2702 δὲ
1576 2671 1628 2703 καὶ

931 2725 1132 2765 ληϊσάμενος.
1174 2724 1184 2741 ‘
1197 2723 1362 2755 Mulieres
1391 2724 1495 2764 cepit,
1522 2723 1628 2756 sorte·

929 2786 970 2808 an
988 2781 1108 2816 emtas,
1121 2773 1210 2806 forte
1225 2773 1327 2804 etiam
1342 2776 1378 2803 et
1393 2774 1531 2813 raptas.'

971 2830 984 2846 ¹·
1008 2825 1107 2864 Cujus
1128 2823 1263 2854 maxime
1279 2832 1315 2853 ea
1339 2825 1519 2863 tempestate
1542 2824 1626 2855 domi

928 2875 1072 2917 bellique]
1097 2874 1220 2916 Neque
1244 2873 1414 2905 immerito
1432 2873 1524 2906 domi
1539 2875 1626 2907 mili·
