1915 3231
367 255 454 297 226
828 264 1040 296 nicrYos
1073 264 1346 295 cRE'rENsis

369 363 518 414 petere
550 357 755 400 licuerit.¹¹
813 357 954 411 Igitur
983 371 1162 412 propere
1183 370 1243 399 ex
1265 357 1350 398 Ida
1367 362 1600 411 apportata
1617 358 1724 412 ligni
1746 360 1815 402 vis

368 427 522 477 multa,
553 429 685 479 atque
711 425 755 466 in
785 425 937 466 eodem
971 425 1085 473 loco,
1119 437 1207 477 quo
1240 428 1369 465 antea
1394 424 1619 475 Patroclo,
1639 426 1815 467 bustum

370 496 613 535 exstruunt.
644 492 762 534 Dein
784 492 996 545 imposito
1018 491 1245 541 cadavere,
1268 490 1554 546 subjectoque
1567 492 1673 545 igni,
1688 491 1816 545 justa

366 560 511 600 funeri
543 563 812 614 peragunt:⁰
841 557 984 611 Ajace
1011 558 1235 612 praecipue
1265 557 1511 606 insistente,
1538 558 1616 610 qui
1647 570 1724 611 per
1742 558 1818 599 tri-

370 626 505 668 duum
536 625 800 668 continuatis
829 624 993 676 vigiliis
1021 624 1203 665 labore*
1231 636 1317 664 non
1338 623 1524 672 destitit,
1554 636 1687 677 quarn
1716 625 1818 665 reli-

368 693 485 747 quiae
505 692 888 733 coadunarentur.p
946 690 1078 731 Solus
1105 703 1295 744 namque
1327 690 1524 730 omnium
1553 703 1680 744 paene
1704 691 1818 733 ultra

366 760 538 802 virilem
559 759 740 800 modum
760 758 936 799 interitu
955 755 1146 798 Achillis
1168 761 1476 799 consternatus
1496 760 1576 806 est,
1602 770 1730 811 quem
1750 758 1818 799 di-

367 827 535 868 lectum
556 830 718 879 praeter
751 828 922 866 ceteros
954 825 1102 865 animo
1138 827 1208 865 et⁵
1239 824 1423 865 summis
1445 823 1600 865 officiis
1619 825 1818 877 percolu-

367 898 490 935 erat:
523 893 692 946 quippe
720 904 819 933 cum
850 891 1184 940 amicissimum,
1215 895 1262 931 et
1293 891 1504 943 sanguine
1531 891 1817 945 conjunctum

368 961 470 1009 sibi,
492 963 583 1000 tum
607 959 831 1012 praecipue
853 957 1085 1011 plurimum
1104 957 1264 998 virtute
1284 960 1451 998 ceteros
1473 957 1816 1000 antecedentem.

368 1026 475 1080 [14]
497 1025 661 1066 Contra
673 1024 793 1078 apud
807 1023 1024 1077 Trojanos
1036 1023 1194 1063 laetitia
1209 1027 1340 1076 atque
1355 1023 1593 1075 gratulatio
1605 1022 1817 1065 cunctos⁶

367 1095 644 1141 incesserat,q
680 1091 913 1132 interfecto
936 1102 1067 1143 quam
1089 1089 1324 1130 metuendo
1344 1089 1492 1131 hoste:
1523 1089 1654 1143 hique
1675 1090 1817 1131 Alex-

367 1159 492 1201 andri
513 1161 808 1200 commentum
826 1155 1058 1197 laudantes
1078 1154 1135 1195 ad
1155 1155 1316 1196 coelum
1344 1155 1498 1204 ferunt,
1527 1156 1698 1197 scilicet
1716 1169 1817 1197 cum

366 1226 542 1268 insidiis
561 1230 730 1267 tantum
749 1222 996 1278 perfecerit,
1017 1224 1227 1274 quantum
1247 1233 1299 1261 ne
1319 1220 1361 1261 in
1384 1223 1618 1262 certamine
1638 1221 1818 1264 auderet

370 1293 562 1346 quidem.
611 1292 731 1334 Inter
751 1304 853 1345 quae
875 1295 965 1330 tam
987 1290 1121 1330 laeta⁷
1145 1288 1321 1329 nuntius
1342 1288 1522 1329 Priamo
1541 1290 1816 1342 supervenit,

371 1360 643 1414 Eurypylum
658 1358 845 1412 Telephi
864 1371 920 1398 ex
942 1355 1130 1397 Moesia‘
1150 1355 1401 1404 adventare,
1421 1369 1550 1409 quem
1570 1369 1650 1396 rex
1669 1356 1817 1397 multis

367 1431 497 1468 antea
515 1427 708 1467 illectum
729 1424 924 1479 praemiis
956 1423 1012 1464 ad
1043 1428 1318 1476 postremum
1339 1422 1559 1463 oblatione
1578 1422 1816 1476 desponsae

368 1493 659 1535 Cassandrae⁵
693 1492 1040 1534 confirmaverat.
1099 1489 1186 1530 Sed
1219 1489 1327 1531 inter
1362 1494 1507 1531 cetera
1535 1502 1635 1544 quae
1657 1490 1699 1530 ei
1721 1489 1818 1543 pul-

969 1630 1068 1642 ‘em
1072 1629 1209 1642 eeeeee

368 1726 407 1752 ut
424 1720 714 1761 subintelligatur,
729 1720 963 1751 dolebant.--*
985 1720 1109 1760 Delpli.
1134 1719 1348 1750 laborare.—5
1375 1719 1559 1750 Omittitur
1574 1722 1617 1757 et,
1634 1718 1668 1750 in
1689 1718 1815 1758 Delph.

368 1769 432 1795 -ϋ
450 1764 573 1804 Delph.
589 1764 783 1795 cunctis.-7
809 1763 1028 1794 Omittuntur
1052 1764 1084 1793 iu
1110 1763 1239 1803 Delph.
1264 1766 1328 1793 tam
1353 1763 1501 1794 heim—8
1520 1762 1643 1803 Delph.
1660 1765 1695 1793 et
1715 1763 1818 1801 vulgo

1023 1879 1163 1912 NOTAE

1159 1959 1175 1980 ¹1
1194 1954 1329 1984 Cunctos
1352 1951 1498 1992 [cunctis]
1520 1951 1702 1991 incesserat]
1729 1951 1817 1984 Sub-

1118 2003 1284 2043 intellige‚
1296 2001 1564 2041 animos‚corda;
1574 2001 1698 2042 alioqui
1711 2002 1817 2043 scrip-

1119 2053 1233 2091 sisset,
1247 2053 1257 2070 ‘
1267 2052 1429 2083 cunctos?

412 1959 427 1974 ¹²
446 1955 597 1995 Oppetere
611 1954 748 1995 licuerit]
765 1955 843 1986 Non
857 1954 968 1993 video,
983 1963 1065 1995 qno-

368 2004 468 2036 modo
481 2005 554 2036 haec
566 2005 737 2036 cohaerere
749 2014 825 2036 cum
838 2006 975 2046 reliquis
989 2015 1064 2046 pos:

370 2054 451 2086 sint.
497 2055 605 2094 Lego,
620 2054 629 2070 ‘
644 2053 801 2088 licuisse!

410 2108 426 2124 ⁰
446 2104 543 2134 Justa
559 2104 672 2142 funeri
694 2102 865 2144 peragunt]
890 2103 991 2135 Justa
1017 2101 1067 2132 di-

369 2157 492 2184 cuntur
507 2162 582 2194 quae
599 2154 741 2184 mortuis
758 2153 948 2191 debentia-3
969 2152 1066 2183 Grae-

369 2202 419 2233 cis
443 2201 565 2241 νόμιμα,
590 2201 795 2241 ἐναγίσματα.
836 2202 937 2235 Justa
953 2207 1066 2232 autem

369 2252 491 2293 supple
519 2253 528 2269 ‘
543 2251 684 2283 funera'
704 2252 758 2282 vel
791 2252 802 2269 ‘
819 2250 955 2282 official
1012 2251 1066 2282 De

370 2299 492 2332 funere
507 2300 652 2332 Achillis
666 2300 741 2332 fuse
759 2301 860 2332 Hom.
878 2300 946 2332 Od.
960 2303 999 2331 Ω.

412 2355 430 2376 P
447 2350 548 2385 Quam
559 2351 701 2391 reliquiae
715 2349 973 2390 coadunarentur]
997 2349 1066 2380 Re-

367 2398 482 2441 liquiae
505 2404 583 2431 sunt
607 2410 692 2431 ossa.
735 2400 949 2438 Coadrmare,
974 2398 1068 2430 colli-

372 2458 466 2489 gere,
482 2450 577 2490 quasi
594 2450 626 2480 in
642 2459 757 2482 unum.
788 2449 857 2481 Sed
874 2459 939 2480 non
957 2448 1066 2484 video,

371 2508 434 2530 cur
447 2499 503 2530 hic
519 2500 610 2531 dicat
626 2499 768 2540 Ajacem
786 2499 899 2531 triduo
915 2499 969 2530 die
990 2508 1068 2530 noc-

372 2553 475 2590 teque
499 2549 682 2588 laborasse,
707 2557 783 2580 curn
799 2549 969 2580 Homerus
985 2547 1067 2578 scri-

372 2598 431 2629 bat
446 2598 480 2629 id
497 2608 594 2629 mane
609 2597 737 2629 factum
753 2597 869 2629 fuisse.
904 2597 1017 2628 Ἢῶθεν
1030 2596 1067 2634 δή

372 2659 422 2679 τοι
436 2647 573 2687 λέγομεν
587 2648 674 2678 λεύκ’
689 2646 776 2687 ὀστέ,
799 2648 964 2688 Ἀχιλλεῦ,
988 2648 1067 2687 Οἵνῳ

371 2698 405 2728 ἐν
428 2697 549 2738 ἀκρήτῳ
575 2697 625 2729 καὶ
647 2698 806 2738 ἀλείφατι.
836 2699 845 2714 ¹
860 2700 964 2730 Mane
987 2707 1067 2729 vero

372 2748 434 2778 tibi
451 2748 642 2788 collegimus
656 2748 800 2779 candida
815 2758 902 2787 ossa,
917 2757 937 2779 ο
954 2748 1067 2779 Achil-

372 2797 433 2837 les,
448 2798 536 2828 Vino
552 2797 586 2828 in
603 2807 688 2838 puro
704 2803 740 2829 et
755 2798 879 2839 adipe‚’
891 2800 955 2830 &c-

1160 2107 1173 2122 f
1195 2103 1249 2133 Ex
1264 2101 1395 2141 Moesia]
1417 2099 1583 2141 Eurypyli
1600 2099 1763 2131 ditionem
1781 2100 1817 2131 in

1121 2152 1244 2183 Moesia
1260 2153 1351 2184 circa
1368 2152 1504 2183 Caicum
1524 2149 1622 2192 ponit
1644 2149 1766 2181 Strabo
1780 2153 1819 2181 et

1120 2202 1260 2233 Homer.

1162 2257 1173 2272 ⁵
1195 2251 1248 2282 Ad
1272 2254 1459 2291 postremum
1483 2248 1637 2280 oblatione
1661 2248 1818 2288 desponsa

1122 2301 1322 2342 Cassandrae]
1361 2300 1430 2331 Alli
1445 2299 1563 2330 dicunt
1578 2297 1751 2329 Priamum
1768 2297 1819 2338 ip-

1120 2360 1191 2381 sam
1208 2349 1372 2390 Eurypyli
1390 2357 1529 2379 uxorem
1543 2347 1640 2378 donis
1657 2347 1820 2388 illexisse,

1122 2405 1160 2431 ut
1180 2399 1339 2430 maritum
1364 2407 1461 2429 suum
1481 2398 1514 2428 in
1537 2397 1688 2428 militiam
1705 2397 1821 2429 mitte-

1121 2454 1186 2480 ret.
1229 2447 1299 2479 Alii
1327 2448 1439 2478 aliter.
1481 2445 1572 2478 Vide
1599 2446 1758 2478 Eustath.
1775 2445 1819 2477 ad

1120 2498 1216 2537 illud,
1234 2497 1300 2529 Od.
1314 2501 1350 2528 A.
1381 2495 1471 2527 Ἀλλ’
1493 2494 1558 2526 οἷον
1569 2497 1627 2526 τὸν
1639 2494 1818 2535 Τηλεφίδην

1120 2548 1309 2590 κατενήρατο
1345 2548 1466 2588 χαλκῷ,
1494 2545 1589 2586 “pr’
1625 2544 1817 2586 Εὐρύπυλον·

1119 2599 1234 2631 πολλοὶ
1269 2599 1293 2630 δ’
1323 2597 1398 2637 ἄμφ’
1428 2595 1523 2627 αὑτὸν
1549 2596 1662 2636 ἑταῖροι
1692 2595 1818 2633 Κήτειοι

1120 2649 1288 2685 κτείνοντο,
1301 2649 1456 2687 γυναικῶν
1470 2646 1571 2677 εἵνεκα
1585 2646 1696 2685 δώρων.
1722 2650 1732 2664 ‘
1745 2646 1816 2678 Sed

1121 2704 1159 2730 ut
1175 2697 1383 2737 Telepliiden
1421 2695 1595 2727 interfecit
1625 2694 1816 2737 (Pyrrhus)

1120 2748 1224 2788 ferro,
1237 2746 1384 2779 Hero'e'm
1398 2745 1627 2788 Eurypylum3
1644 2745 1741 2776 mulli
1757 2754 1816 2776 an·

1123 2802 1189 2830 tem
1205 2797 1295 2830 circa
1311 2805 1386 2828 eum
1402 2796 1534 2828 sodales
1550 2794 1648 2828 Cetei
1664 2793 1815 2826 trucida-
