1915 3231
767 553 956 602 LUD.
1012 553 1257 603 SMIDS

588 691 928 749 SCENA
994 691 1438 762 TROICA3

797 867 905 899 Slva
926 867 1233 909 TABULARUM,

349 977 624 1020 DICTYOS
657 978 1001 1022 CRETENSIS
1035 982 1120 1022 DE
1150 981 1352 1023 BELLO
1382 980 1677 1023 TROJANO

398 1093 553 1126 LIBRIS
576 1094 917 1136 APPENSARUM,
939 1097 1208 1129 SUCCINCTA
1231 1096 1631 1129 INTERPRETATIO.

708 1378 1006 1427 TABULA
1055 1379 1314 1430 PRIMA.

836 1494 875 1535 Ι.
908 1493 1173 1536 ATREUS.

811 1582 916 1623 Liss.
939 1592 970 1621 1.
1017 1582 1083 1623 CA
1096 1594 1135 1622 P.
1157 1583 1199 1623 l.

297 1667 389 1709 ‘Hi
411 1681 497 1709 non
513 1668 774 1721 Plisthenis,
794 1674 843 1711 ut
854 1671 1146 1726 erant,magis
1167 1683 1300 1723 quam
1318 1669 1441 1713 Atrei
1459 1671 1740 1714 dicebantur:

353 1755 536 1805 NEQUE
560 1756 773 1807 Menelai,
795 1757 923 1811 cujus
945 1769 1055 1797 uxor
1087 1757 1276 1803 Helena,
1297 1758 1476 1811 Trojani
1506 1758 1612 1799 belli
1641 1760 1739 1812 pul-

295 1822 507 1863 cherrima
527 1836 678 1873 causa,
709 1838 852 1878 neque
884 1823 1241 1875 Agamemnonis,
1262 1825 1336 1878 qui
1365 1824 1411 1865 in
1441 1824 1637 1878 Trojana
1656 1825 1740 1867 hac

295 1888 576 1941 expeditione
597 1903 678 1931 rex
708 1903 871 1942 regum,
892 1891 986 1930 sive
1016 1889 1059 1929 in
1095 1889 1306 1939 Nummo,
1328 1891 1423 1931 sive
1454 1891 1496 1931 in
1518 1890 1740 1932 Marmore

296 1960 527 1996 occurrunt
548 1956 711 1996 icones.
743 1957 914 1998 Horum
936 1956 1066 2007 igitur
1084 1956 1225 1997 vicem
1240 1956 1311 1996 hic
1325 1956 1547 2010 supplebit
1564 1955 1741 2007 Atreus,

294 2021 540 2074 utriusque,
563 2023 696 2063 veluti
729 2023 903 2076 plurimi
923 2022 1094 2071 volunt,
1115 2028 1255 2075 pater.
1316 2022 1460 2063 Notus
1491 2023 1565 2063 ille
1598 2036 1654 2064 ex
1686 2023 1740 2064 L.

296 2085 410 2127 Ann.
433 2088 614 2129 Senecae
639 2089 815 2129 sublimi
846 2089 1065 2139 dramate3
1095 2088 1335 2142 Thyestem
1365 2089 1539 2130 fratrem
1568 2089 1739 2140 fallens,

297 2156 340 2194 et
368 2153 414 2193 in
454 2154 597 2207 ipsius
625 2154 791 2195 liberos
823 2159 979 2208 captos
1009 2154 1233 2205 saeviens3
1264 2155 1375 2195 ferro
1408 2168 1487 2195 eos
1525 2159 1740 2196 transver-

296 2220 471 2268 berans,
491 2221 682 2261 membra
701 2220 919 2270 lacerans,
939 2231 1136 2272 coquens
1157 2223 1199 2261 et
1219 2220 1446 2273 epulanda
1465 2221 1581 2274 patri
1601 2234 1741 2275 appo-

301 2298 422 2326 nens.

356 2353 512 2393 Statua
550 2353 646 2394 haec
682 2353 867 2394 cernitur
895 2353 941 2393 in
977 2353 1150 2394 aedibus
1201 2353 1528 2404 Farnesiorum,
1569 2353 1740 2396 Romae.

298 2419 465 2460 Volunt
496 2432 600 2460 vero
630 2420 799 2460 Perrier
833 2420 1053 2473 ceterique
1086 2433 1251 2468 omneS,
1289 2420 1365 2474 qui
1402 2420 1515 2460 hanc
1551 2419 1742 2471 edidere,

298 2498 396 2526 esse
419 2485 653 2526 Commodi
673 2486 972 2540 Imperatoris,
988 2499 1143 2540 nempe
1156 2486 1427 2539 gladiatoris.
1488 2486 1579 2527 Hic
1599 2491 1742 2528 autem

298 2565 418 2606 puer,
440 2553 597 2594 dextro
627 2555 737 2607 pede
771 2555 1044 2595 atrocissime
1067 2558 1282 2607 arreptus,
1304 2553 1349 2593 in
1370 2565 1499 2606 quem
1519 2565 1742 2606 nunquam

300 2620 435 2660 etiam
469 2620 767 2662 ferocissimus
797 2621 1011 2673 gladiator
1041 2622 1196 2662 saeviit.
1255 2619 1404 2670 Quare
1440 2619 1546 2659 mihi
1576 2620 1740 2672 potius,

301 2686 440 2725 veluti
461 2687 549 2739 ipsi
570 2700 749 2740 quoque
771 2686 1011 2732 Gronovio,
1033 2700 1057 2727 e
1080 2687 1220 2727 tribus
1238 2686 1390 2726 liberis
1410 2698 1536 2735 unuS,
1569 2699 1596 2727 a
1615 2686 1741 2740 cujus

302 2752 425 2792 caede
447 2752 672 2805 perfidiam
693 2755 827 2807 patris
847 2753 1067 2795 vindicare
1089 2754 1334 2807 aggreditur
1353 2752 1527 2793 Atreus.
