1915 3231
688 348 749 377 DE
786 348 953 378 exem.
985 348 1152 379 TROJAE
1185 348 1381 380 Hieron.
1669 342 1752 383 301

305 446 377 483 tas
398 440 769 482 in‘Laomedontis
790 442 931 495 patris
949 455 1074 492 nece,
1104 447 1148 483 et
1177 443 1222 483 in
1251 443 1514 485 abductione
1537 444 1752 489 Hesionae

304 508 569 562 pertulisset,
586 508 732 548 omnia
752 512 893 549 tamen
914 522 1046 562 aequo
1069 509 1215 550 animo
1236 522 1487 562 passurum,
1500 512 1536 551 si
1552 512 1756 554 Hesiona

306 575 348 615 ei
368 575 629 616 redderetur.
689 573 763 624 [5.]
793 573 1003 624 Antenor,
1032 578 1083 616 ut
1104 575 1308 616 Priamus
1336 577 1587 630 imperavit,
1606 581 1756 620 navim

305 641 577 691 conscendit,
592 646 638 682 et
651 641 878 695 profectus
894 642 1015 683 venit
1030 641 1302 696 Magnesiam
1315 644 1371 685 ad
1388 644 1590 685 Peleum.
1611 644 1756 695 Quem

305 707 470 749 Peleus
490 709 681 762 hospitio
702 707 845 748 triduo
868 709 1048 762 recepit,
1070 709 1140 749 die
1160 714 1316 762 quarto
1330 716 1347 732 ²²
1382 715 1506 763 rogat
1527 724 1626 752 eum
1650 712 1756 765 quid

303 776 486 817 venerit.
559 774 757 816 Antenor
778 775 888 816 dicit
911 788 965 816 ea
985 789 1086 829 quae
1120 789 1147 817 a
1177 777 1358 819 Priamo
1388 778 1595 819 mandata
1624 785 1757 833 erant,

305 841 469 883 Graios
490 841 757 896 postulare,b
786 848 836 883 ut
869 842 1074 884 Hesiona
1094 843 1362 886 redderetur.
1420 845 1537 886 Haec
1564 846 1639 887 ubi
1672 846 1757 887 Pe-

303 910 400 950 leus
422 910 605 959 audivit,
626 910 811 962 graviter
831 910 949 960 tulit,
983 923 1037 951 eo
1055 911 1177 964 quod
1197 911 1282 952 hoc
1303 912 1515 965 pertinere
1535 913 1592 954 ad
1624 927 1672 954 se
1693 915 1758 955 vi-

307 976 438 1018 debat
453 990 462 1018 :
477 982 492 998 ⁶
515 977 644 1031 jubet
665 989 764 1017 eum
787 976 841 1018 de
861 977 1027 1019 finibus
1048 978 1142 1018 suis
1163 978 1405 1021 discedere.
1466 979 1660 1021 Antenor
1691 981 1759 1021 ni-

304 1042 369 1084 hil
389 1048 595 1092 mmatus,
617 1043 762 1084 navim
786 1044 1001 1093 ascendit,
1032 1044 1112 1085 iter
1131 1045 1239 1086 fecit
1259 1046 1529 1088 Salaminam
1551 1048 1607 1088 ad
1627 1047 1759 1089 Tela-

306 1123 505 1151 monem:
536 1123 688 1163 rogare
710 1123 810 1151 eum
831 1111 989 1164 coepit,
1016 1115 1062 1152 ut
1087 1112 1267 1153 Priamo
1290 1126 1482 1155 sororem
1507 1114 1757 1156 Hesionam

308 1177 531 1228 redderet3
554 1191 640 1218 non
657 1178 767 1218 enim
785 1190 884 1218 esse
906 1190 1078 1231 aequum
1101 1183 1191 1219 tam
1205 1178 1281 1220 diu
1303 1181 1347 1220 in
1369 1181 1580 1222 servitute
1600 1181 1759 1222 habere

309 1246 415 1299 regii
436 1246 606 1298 generis
627 1245 839 1299 puellam.
898 1245 1112 1286 Telamon
1134 1246 1345 1288 Antenori
1375 1249 1620 1301 respondit,
1649 1249 1759 1290 nihil

309 1325 336 1353 a
357 1326 406 1354 se
429 1313 606 1354 Priamo
636 1313 826 1354 factum:
858 1313 934 1353 sed
955 1313 1075 1366 quod
1098 1315 1274 1356 virtutis
1298 1328 1438 1357 causa
1460 1315 1664 1357 donatum
1685 1317 1759 1366 sit,

310 1393 358 1421 se
391 1381 554 1421 nemini
588 1380 786 1421 daturum
806 1393 815 1420 :
861 1380 917 1420 ob
953 1380 1037 1421 hoc
1074 1379 1339 1422 Antenorem
1373 1382 1519 1423 insula
1539 1383 1759 1424 discedere

302 1448 445 1502 jubet.
478 1447 672 1488 Antenor
695 1447 841 1487 navim
863 1447 1141 1497 conscendit,
1162 1449 1204 1488 in
1229 1448 1446 1490 Achaiam
1468 1450 1603 1491 venit.
1651 1450 1761 1491 Inde

310 1514 367 1555 ad
390 1513 622 1555 Castorem
643 1516 684 1554 et
706 1512 937 1554 Pollucem
959 1513 1147 1563 delatus,
1168 1515 1307 1568 coepit
1337 1516 1393 1556 ab
1426 1517 1494 1557 his
1517 1516 1761 1571 postulare,

311 1583 357 1621 ut
376 1580 554 1621 Priamo
584 1579 908 1630 satisfacerent,
945 1586 990 1621 et
1020 1581 1061 1621 ei
1099 1581 1347 1623 Hesionam
1384 1596 1580 1624 sororem
1607 1583 1762 1624 redde-

310 1654 418 1691 rent.
450 1647 609 1689 Castor
631 1651 674 1689 et
695 1647 863 1700 Pollux
886 1655 1153 1700 negaverunt
1172 1649 1378 1703 injuriam
1401 1650 1578 1692 Priamo
1599 1650 1761 1691 factam

964 1801 1105 1832 NOTAE

311 1886 458 1927 legatum
480 1885 689 1917 Antenorem
707 1885 859 1925 mittere,
875 1889 912 1915 ut
929 1894 1011 1915 nun·

311 1938 427 1975 naret,
443 1936 589 1976 diceret,
616 1945 666 1975 se,
691 1936 844 1977 quamvis
872 1935 1013 1976 injurias

311 1986 376 2017 sibi
393 1995 511 2026 graves
529 1987 571 2017 ab
597 1986 648 2017 his
674 1986 732 2027 qui
758 1995 832 2017 cum
858 1986 1013 2017 exercitu

311 2040 478 2068 venerant
518 2035 551 2066 in
585 2034 826 2067 Laomedontis
860 2045 947 2066 nece
978 2040 1013 2067 et

310 2086 516 2118 abductione
537 2086 698 2118 Hesionae
716 2085 927 2127 pertulisset,
945 2095 1013 2117 om-

312 2138 367 2168 nia
387 2143 500 2169 tamen
525 2147 619 2178 aeqno
645 2137 755 2168 animo
779 2145 968 2177 passurum,
986 2137 1014 2168 si

312 2188 465 2220 Hesiona
480 2188 512 2219 ei
529 2187 754 2219 redderetur!

355 2243 370 2259 ³
393 2238 457 2269 Die
472 2241 594 2278 quarto,
606 2238 676 2278 ὃμκ]
707 2237 862 2270 Observa
878 2247 1016 2278 morem,

314 2298 380 2330 quo
399 2289 505 2329 legati
521 2293 556 2320 et
572 2289 629 2319 alii
649 2288 774 2330 quique
792 2298 854 2329 per
870 2289 939 2320 dies
956 2289 1016 2320 ali-

313 2343 396 2379 quot
412 2339 445 2369 in
464 2338 562 2370 domo
579 2339 750 2379 hospitum
768 2338 945 2377 sedebant,
958 2348 1016 2370 an·

313 2394 451 2430 tequam
480 2388 523 2420 de
559 2389 708 2420 adventu
744 2398 805 2420 suo
835 2389 1015 2430 quicquam

315 2442 560 2480 proponerent,
588 2439 722 2470 scilicet
752 2443 789 2470 ut
817 2439 860 2470 ab
884 2439 1017 2471 itineris

314 2488 428 2519 labore
445 2492 687 2519 recrearentur
702 2499 710 2519 :
727 2488 806 2519 hinc
823 2488 1015 2529 intelligen-

315 2539 378 2571 dus
393 2539 533 2579 Esdras,
546 2549 628 2570 vn!-
644 2542 696 2571 32.
744 2539 802 2570 Καὶ
816 2540 952 2578 ἤλθομεν
975 2539 1017 2571 εἷς

315 2589 517 2629 Ἰερουσαλὴμ
538 2589 589 2620 καὶ
612 2589 797 2628 ἐκαθίσαμεν
820 2591 885 2621 ἐκεῖ
903 2590 1015 2630 ἡμέρας

314 2643 405 2681 τρεῖς.
450 2640 511 2672 Καὶ
527 2640 656 2680 ἐγενήθη
672 2642 714 2683 τῇ
736 2641 833 2683 ἡμέρᾳ
847 2643 893 2683 τῇ
905 2641 1015 2682 τετάρ-

315 2703 355 2732 τῃ
372 2690 547 2731 ἐστήσαμεν
556 2691 593 2722 τὸ
608 2691 750 2732 ἀργύριον
762 2691 812 2722 καὶ
823 2691 861 2723 τὸ
876 2692 1017 2733 χρυσίον,

319 2744 382 2772 διο.
428 2745 438 2760 ⁴
455 2742 500 2774 Et
528 2742 683 2773 venimus
709 2743 743 2773 in
771 2743 963 2774 Jerusalem
980 2747 1016 2773 et

318 2791 363 2822 ibi
376 2792 522 2824 sedimus
536 2793 606 2824 dies
619 2797 700 2824 tres.
717 2793 782 2824 Die
794 2797 906 2824 autem
921 2802 1016 2834 quar-

320 2848 354 2872 to
371 2851 484 2873 aurum
502 2847 537 2874 et
554 2848 731 2884 argentum
756 2842 1018 2881 collocavimus,'

321 2894 385 2922 &c-
407 2892 462 2923 Sic
483 2892 579 2925 Hom.
595 2893 637 2924 ΙΙ.
660 2897 692 2924 Ζ.
717 2892 757 2925 de
775 2891 1018 2933 Bellerophon-

1069 1891 1115 1925 te,
1133 1895 1231 1927 quem
1248 1896 1307 1917 rex
1326 1887 1439 1927 Lyciae
1456 1899 1462 1916 :
1493 1888 1642 1928 Ἐννῆμαρ
1656 1886 1765 1926 ξείνισ-

1068 1948 1116 1976 σε,
1131 1936 1181 1968 καὶ
1197 1937 1285 1969 ἐννέα
1300 1938 1379 1974 βοῦς
1395 1937 1539 1979 ἱέρευσεν·
1555 1939 1645 1970 Ἀλλ’
1661 1938 1713 1969 ὅτε
1728 1939 1765 1975 δὴ

1068 1987 1183 2025 δεκάτη
1198 1988 1296 2028 ἐφάνη
1311 1988 1534 2029 ῥοδοδάκτυλος
1542 1989 1614 2028 ἠὼς,
1626 1989 1685 2020 Καὶ
1693 1988 1766 2020 τότε

1067 2051 1118 2077 μιν
1134 2038 1256 2079 ἐρέεινε,
1271 2039 1322 2071 καὶ
1336 2039 1409 2083 ᾔτεε
1424 2040 1509 2078 σῆμα
1527 2038 1652 2079 ἰδέσθαι,
1663 2038 1720 2078 “O,
1735 2051 1767 2069 τι

1068 2088 1105 2128 ῥά
1131 2090 1160 2121 οἱ
1183 2092 1335 2131 γαμβροῖο
1360 2090 1441 2131 παρὰ
1464 2089 1608 2131 Προίτοιο
1633 2088 1767 2129 φέροιτο.

1069 2147 1077 2159 ¹
1094 2141 1226 2172 Novem
1251 2141 1323 2173 dies
1350 2141 1543 2181 hospitatus
1568 2145 1631 2180 est,
1651 2145 1686 2171 et
1712 2150 1769 2171 no-

1070 2201 1142 2222 vem
1154 2191 1257 2222 boves
1272 2191 1471 2222 sacrificavit
1484 2201 1492 2221 :
1507 2190 1572 2222 Sed
1586 2199 1662 2221 cum
1675 2190 1767 2221 deci-

1069 2251 1123 2271 ma
1138 2240 1297 2281 apparuit
1313 2241 1418 2271 roseis
1431 2240 1547 2281 digitis
1564 2240 1709 2279 Aurora,
1723 2240 1768 2271 Et

1069 2291 1156 2322 hunc
1174 2291 1282 2331 ipsum
1300 2290 1537 2330 interrogavit,
1554 2294 1590 2321 et
1607 2290 1712 2330 petiit
1729 2290 1768 2320 li-

1069 2346 1159 2373 teras
1177 2341 1304 2381 videre,
1318 2341 1559 2382 Quascumque
1580 2340 1646 2381 ipsi
1670 2349 1689 2370 a
1712 2349 1770 2380 ge·

1069 2401 1152 2422 nero
1169 2391 1286 2422 Proeto
1304 2390 1434 2421 ferret)

1112 2440 1125 2461 Ι)
1151 2440 1266 2472 Graios
1291 2440 1460 2481 postulare]
1491 2438 1558 2471 Sed
1588 2438 1620 2469 id
1648 2448 1691 2469 ex
1718 2448 1769 2470 se-

1068 2490 1252 2532 quentibus
1268 2489 1388 2520 falsum
1404 2495 1468 2520 est.
1514 2488 1569 2519 An
1586 2488 1769 2519 dicendum

1068 2546 1132 2576 est,
1149 2541 1198 2572 ita
1213 2544 1336 2581 sponte
1353 2549 1414 2570 sua
1427 2539 1635 2570 Antenorem
1651 2539 1773 2569 menti-

1066 2598 1138 2623 tum
1155 2601 1239 2628 esse,
1254 2595 1291 2622 ut
1305 2590 1368 2622 sibi
1384 2589 1516 2621 facilius
1532 2588 1685 2620 Hesiona
1702 2593 1770 2620 tra-

1069 2642 1232 2673 deretur?
1254 2650 1296 2672 an
1313 2639 1564 2681 corrigendum.
1581 2643 1590 2656 ‘
1602 2639 1770 2680 Trojanos

1069 2690 1266 2733 postulare‚'
1278 2692 1341 2722 &c-

1113 2746 1126 2761 0
1152 2741 1200 2772 Eo
1215 2741 1295 2781 quod
1307 2741 1361 2771 Ιιοε
1373 2741 1527 2780 pertinere
1536 2741 1576 2771 ad
1590 2749 1622 2771 se
1633 2739 1771 2781 videbat]

1072 2791 1197 2822 Peleus
1226 2791 1315 2821 enim
1347 2789 1455 2822 frater
1482 2794 1558 2822 erat
1581 2790 1772 2822 Telamonis

1074 2841 1130 2883 qui
1148 2841 1331 2873 Hesionam
1350 2839 1502 2873 tenebat.
