1915 3231
600 387 661 417 DE
696 387 864 417 Exclu.
896 386 1063 418 'rnoJAE
1097 385 1292 417 Hls'roR.
1575 376 1661 418 325

219 492 318 532 quae
340 491 436 520 cum
457 477 638 519 Priamo
652 484 676 500 W
707 484 853 532 egerat
873 493 998 521 servo
1021 481 1150 521 dicit:
1183 491 1335 521 servus
1357 477 1518 521 Achilli
1551 492 1663 520 nun-

219 547 324 587 tiat:
349 545 547 586 Achilles
567 546 698 598 vulgo
718 546 924 599 queritur,
945 547 1076 587 unius
1097 546 1288 586 mulieris
1311 545 1502 586 Helenae
1524 558 1663 587 causa

219 616 352 652 totam
367 611 590 652 Graeciam
605 615 648 653 et
666 612 889 665 Europam
910 612 1175 653 advocatam
1194 625 1308 660 esse,
1323 615 1446 652 tanto
1466 616 1661 664 tempore

222 682 289 719 tot
307 678 446 719 millia
464 678 682 719 hominum
705 678 914 731 periisse;
946 683 1012 719 tot
1038 678 1231 731 pericula
1251 679 1385 730 adiri3
1415 679 1664 719 libertatem

221 745 264 785 in
287 744 470 798 ancipiti
490 758 611 786 esse:
642 746 785 786 undex
819 745 910 786 fieri
929 758 1083 798 pacem
1111 745 1279 794 debere,
1307 747 1523 787 exercitus
1545 758 1666 787 rece-

223 812 338 853 dere.
397 810 554 852 Annus
576 813 866 854 circumactus
889 817 968 854 est.
1011 811 1275 852 Palamedes
1296 813 1540 853 exercitum
1562 814 1668 854 edu·

221 880 299 929 cit,
321 879 505 920 instruit.
564 878 670 934 [28]
702 879 963 933 Deiphobus
999 884 1168 920 contra.
1226 878 1425 920 Achilles
1454 880 1592 921 iratus
1620 880 1667 920 in

222 945 422 999 praelium
454 959 540 987 non
569 946 732 999 prodit.
792 945 1054 986 Palamedes
1076 947 1357 987 occasionem
1378 951 1553 996 nactus,
1588 947 1669 986 im-

222 1012 494 1066 pressionem
513 1013 558 1053 in
580 1013 862 1066 Deiphobum
890 1011 1009 1060 facit,
1038 1017 1083 1053 et
1102 1025 1203 1052 eum
1226 1013 1460 1053 obtruncat
1479 1026 1487 1050 ε
1503 1018 1520 1042 y
1552 1025 1664 1066 prae-

223 1080 330 1120 lium
353 1093 452 1121 acre
473 1080 671 1133 insurgit,
701 1080 758 1121 ab
781 1080 975 1133 utrisque
996 1081 1192 1133 partibus
1213 1080 1352 1120 multa
1374 1080 1512 1120 millia
1530 1079 1672 1121 homi-

226 1160 329 1188 num
347 1147 523 1189 cadunt.
583 1147 846 1188 Palamedes
867 1148 911 1188 in
933 1147 1075 1200 prima
1092 1148 1186 1187 acie
1206 1149 1427 1199 versutur3
1457 1146 1672 1188 hortatur-

227 1227 314 1268 que
353 1217 396 1255 ut
428 1214 631 1267 praelium
665 1214 833 1254 fortiter
872 1219 1035 1265 gerant.
1096 1212 1263 1253 Contra
1295 1226 1395 1253 eum
1437 1213 1671 1266 Sarpedon

227 1280 390 1335 Lycius
424 1281 626 1330 occurrit,
648 1293 836 1334 eumque
872 1280 1134 1322 Palamedes
1170 1280 1398 1321 interficit?
1456 1280 1523 1321 Eo
1554 1280 1671 1322 facto

228 1347 358 1388 laetus
380 1348 422 1388 in
443 1351 539 1390 acie
556 1354 764 1390 versatur.
824 1348 907 1389 Cui
929 1347 1146 1389 exultanti
1178 1353 1224 1387 et
1252 1347 1452 1400 glorianti
1474 1347 1673 1389 Alexan-

229 1414 303 1455 der
324 1414 452 1455 Paris
475 1416 634 1467 sagitta
664 1415 827 1456 collum
861 1415 1109 1467 transfigit.³
1168 1414 1366 1468 Phryges
1396 1415 1672 1457 animadver-

228 1484 334 1531 tunt,
357 1482 443 1523 tela
463 1482 716 1536 conjiciunt,
739 1487 872 1534 atque
892 1482 955 1522 ita
976 1481 1243 1522 Palamedes
1265 1481 1493 1524 occiditur.
1546 1483 1671 1536 Rege

229 1548 399 1597 occiso,
419 1547 571 1601 Argivi
591 1548 765 1599 cedunt,
786 1547 968 1601 Trojani
989 1552 1318 1601 persequuntur,
1341 1553 1487 1591 castra
1507 1564 1674 1604 oppug-

228 1619 347 1667 nant,
366 1629 504 1658 naves
525 1617 777 1666 incendunt,
798 1616 946 1657 cuncti
975 1615 1314 1668 impressionem
1337 1616 1516 1666 faciunt,
1536 1618 1674 1670 turpi-

229 1685 291 1722 ter
311 1681 472 1724 Achivi
492 1687 612 1735 terga
633 1688 821 1732 vertunt,
840 1683 883 1723 in
905 1688 1051 1723 castra
1073 1682 1337 1734 confugiunt.
1382 1682 1546 1724 Achilli
1566 1697 1678 1724 nun·

230 1748 384 1789 tiatum
415 1755 512 1790 est:
554 1749 815 1789 dissimulat.
875 1747 997 1802 Ajax
1026 1747 1315 1788 Telamonius
1347 1747 1581 1791 fortissime
1602 1750 1677 1791 de-

228 1814 392 1856 fendit:
409 1815 425 1838 ¹³
446 1829 537 1856 nox
559 1816 758 1869 praelium
775 1815 951 1855 dirimit.
1011 1813 1164 1866 Argivi
1186 1814 1229 1854 in
1247 1814 1403 1854 castris
1421 1814 1677 1856 Palamedis

231 1882 478 1933 scientiam,
501 1883 770 1936 aequitatem,
789 1882 1050 1929 bonitatem,
1074 1881 1348 1921 clementiam
1366 1881 1675 1924 lamentantur.

229 1949 339 2006 [29]
359 1949 541 2003 Trojani
561 1949 859 2002 Sarpedonem
882 1953 927 1988 et
951 1947 1233 2000 Deiphobum
1255 1946 1429 1989 deflent.
1491 1947 1676 2000 Nestor,

229 2017 302 2068 qui
325 2017 465 2070 major
486 2022 582 2057 erat
601 2020 720 2065 natu,
742 2019 876 2055 noctu
896 2014 1032 2054 duces
1062 2014 1104 2053 in
1126 2013 1355 2054 consilium
1378 2019 1551 2065 evocat,
1574 2029 1677 2057 sua·

228 2082 321 2133 det,
336 2083 544 2133 hortatur,
561 2082 635 2124 ut⁶
652 2084 960 2136 imperatorem
978 2080 1235 2134 praeficiant,
1252 2084 1297 2121 et
1316 2082 1355 2122 si
1376 2081 1442 2122 eis
1457 2081 1674 2133 videatur,

838 2209 1071 2221 eeeeeeeeeeee

270 2292 291 2320 6
319 2289 375 2321 Uti
393 2290 515 2331 Delph.

882 2386 1022 2418 NOTAE

271 2479 291 2493 W
317 2474 433 2504 Eadem
450 2473 580 2504 Hecuba
603 2483 671 2514 qua>
692 2482 760 2504 cum
783 2473 926 2513 Priamo]
979 2468 1107 2500 dicunt.
1148 2468 1233 2500 Vide
1250 2468 1351 2501 Hom.
1369 2469 1409 2500 ll.
1426 2473 1467 2500 n.
1506 2467 1572 2500 Adi
1587 2468 1678 2510 apud

229 2523 374 2555 Hecuba
388 2532 484 2554 servo
501 2522 588 2554 dicit
609 2524 742 2562 eadem,
757 2533 832 2564 quae
849 2532 925 2554 curn
980 2520 1124 2559 Die-tyn.

228 2573 365 2605 Priamo
382 2578 512 2612 egerat.
1022 2574 1037 2590 ὃ
1048 2567 1681 2607 AlexanderParissagitcacollumtrans-

270 2626 285 2641 Χ
312 2623 416 2663 Unde]
440 2622 479 2653 Id
497 2627 561 2658 est,
579 2633 695 2663 quare.
971 2619 1067 2660 figit]
1090 2618 1264 2659 Nusquam
1281 2617 1361 2649 alibi
1376 2618 1492 2657 legere
1503 2617 1622 2657 possis,
1636 2617 1678 2648 ab

270 2677 284 2698 y
310 2673 353 2703 Et
368 2683 435 2703 eum
449 2673 628 2713 obtruncat]
662 2673 716 2704 Ab
732 2673 805 2704 aliis
821 2672 927 2704 omni·
981 2669 1177 2700 Alexandro
1207 2667 1424 2700 Palamedem
1456 2669 1681 2705 vulneratum,

228 2720 290 2751 bns
321 2721 479 2760 discedit,
505 2723 560 2763 qui
591 2723 745 2753 scribunt
775 2723 927 2762 Deipho-
981 2724 1016 2750 et
1032 2719 1154 2750 deinde
1177 2719 1228 2749 ita
1250 2718 1409 2749 occisum.
1452 2717 1521 2749 Sed
1543 2717 1585 2748 de
1609 2717 1680 2758 ejus

231 2771 310 2802 bnm
326 2781 345 2802 a
361 2772 519 2803 Menelao
534 2774 695 2804 occisum.
732 2772 820 2804 Vide
835 2773 925 2813 apud
980 2774 1100 2807 morte,
1117 2769 1191 2799 vide
1208 2767 1297 2808 apud
1316 2767 1456 2807 Dictyn-

230 2822 371 2862 Dictyn.
1022 2819 1036 2840 b
1059 2817 1145 2857 Ajax
1170 2818 1365 2849 Telamonius
1377 2816 1553 2855 fortissime
1573 2816 1678 2854 ‹lesen-

273 2877 285 2892 2
310 2871 447 2911 Eumque
464 2872 647 2903 Palamedes
662 2871 828 2913 interfit-it]
858 2871 926 2903 Sed
977 2870 1042 2911 dit]
1079 2871 1130 2901 Ex
1160 2870 1310 2901 Homero
1339 2873 1375 2901 et
1404 2868 1519 2910 Dicty,
1549 2872 1679 2900 mutato

233 2920 287 2951 alii
314 2929 429 2952 omnes
452 2931 526 2952 eum
555 2932 574 2952 a
596 2922 757 2954 Patroclo
779 2921 926 2953 occisum
983 2927 1111 2954 tantum
1127 2928 1292 2962 tempore.
