1915 3231
477 341 539 371 os
571 339 809 371 Hrsronm
844 341 987 371 ssssnm
1020 315 1252 373 TROJANI.
1537 335 1594 376 33

145 432 485 475 νο1ὑποὸείσαντα.
520 448 620 488 cap.
641 436 710 476 24.
731 434 789 476 ‘A
810 437 928 477 bono
950 436 1217 490 honestoque
1237 437 1409 491 elapsi,’
1431 437 1591 481 Graece

144 504 208 541 τοῦ
236 506 354 542 καλοῦ
385 501 550 556 κάγαθοῦ
571 499 797 550 ἐκπεσόντες.
857 504 977 544 11)1(1.
1008 504 1239 546 ‘Eundem
1270 517 1426 545 casum
1460 509 1591 559 atque

143 569 314 610 exitum
343 570 574 623 utriusque
597 571 964 620 custodiendum‚'
986 571 1070 612 hoc
1092 577 1174 620 est,
1196 572 1440 613 cavendum
1463 574 1591 626 ipsis,

141 635 363 689 siquidem
385 637 597 689 quicquid
619 638 675 678 ab
697 637 763 678 his
784 638 956 679 Graecis
978 639 1019 678 in
1049 638 1320 691 Polydorum
1351 639 1519 681 Priami
1541 640 1594 681 F.

142 702 458 753 designaretur,
490 703 605 743 idem
643 709 892 745 eventurum
932 709 1052 744 esset
1091 704 1317 746 Menelao.
1377 704 1451 747 Ita
1490 720 1592 747 vero

142 770 262 823 apud
285 769 470 811 Graecos
493 769 773 819 φυλάσσεσθαι,
794 774 804 792 ¹
820 771 1039 811 custodire
1056 769 1066 784 '
1095 774 1139 811 et
1168 773 1181 791 ‘
1197 784 1351 812 cavere
1367 771 1378 787 '
1407 773 1592 826 aliquid.

143 836 345 877 AElianus
376 836 481 877 Var.
510 837 633 878 Hist.
658 849 687 877 Ι.
709 840 750 878 5.
780 838 821 877 τὸ
842 838 909 890 μὲν
938 839 1016 893 γὰρ
1037 836 1166 892 δέλεαρ
1186 837 1271 892 οὐχ’
1291 840 1493 893 ὑφορᾶται,
1516 841 1591 879 οὐδὲ

140 905 211 956 μὴν
241 903 471 956 φυλάττεται
501 908 624 954 τοῦτο,
657 908 834 947 ‘escam
870 918 956 946 non
982 906 1112 946 habet
1146 909 1419 958 suspectam,
1451 920 1591 960 neque

140 971 226 1012 sibi
248 972 304 1012 ab
325 985 379 1012 ea
398 970 556 1013 cavet.'
613 971 716 1013 Act.
735 971 896 1026 Apost.
929 982 1044 1013 ΧΧι.
1078 973 1147 1013 25.
1178 971 1438 1025 φυλάσσεσθαι
1461 974 1591 1022 αὐτοὺς

140 1038 181 1079 τὸ
211 1035 456 1090 εἰδωλόθυτον,
479 1040 541 1079 καὶ
572 1040 612 1079 τὸ
648 1039 758 1090 αἷμα,
780 1042 857 1080 &c.
890 1043 963 1081 ‘ut
995 1040 1060 1080 illi
1083 1044 1272 1081 caveant
1302 1041 1388 1081 Sibi
1419 1042 1474 1082 ab
1506 1041 1591 1091 iiS,’

138 1110 347 1158 tanquam
377 1107 549 1147 amalo.
581 1119 681 1159 cap.
702 1106 772 1147 30.
805 1109 817 1127 ‘
837 1106 998 1158 Virgo'
1031 1106 1085 1147 de
1108 1106 1365 1160 Chryseide,
1388 1121 1487 1161 quae
1521 1113 1588 1150 ta-

138 1185 235 1213 men
261 1177 401 1226 nupta
423 1173 518 1226 jam
546 1173 692 1214 fuerat
724 1172 837 1225 Regi
861 1173 1052 1214 Eetioni.
1113 1173 1230 1215 Vide
1254 1175 1323 1216 17.
1383 1175 1472 1216 Sed
1494 1176 1589 1218 sine

139 1238 277 1280 dubio
297 1240 340 1279 in
360 1239 523 1280 Graeco
542 1239 623 1280 fuit
648 1236 766 1295 Κόρη,
790 1252 876 1292 qua
903 1253 1010 1280 voce
1032 1240 1184 1292 Virgo,
1196 1241 1325 1291 Filia,
1347 1246 1392 1282 et
1413 1241 1588 1294 Puella,

137 1307 270 1347 etiam
294 1306 464 1360 Nupta,
485 1311 674 1348 notatur.
706 1319 745 1347 c.
761 1308 831 1348 52.
853 1311 864 1329 ‘
880 1307 1084 1361 Reliquis
1106 1308 1294 1349 ducibus
1314 1309 1507 1351 favorem
1524 1313 1589 1350 at-

137 1373 419 1423 tollentibus‚'
453 1375 538 1414 1100
573 1378 654 1424 est,
698 1373 887 1427 εὐφημίαν,
926 1376 1068 1416 ‘bona
1101 1375 1282 1426 omina‚'
1323 1377 1430 1429 quia
1468 1378 1589 1431 quod

138 1439 288 1482 Graeci
318 1441 360 1481 in
392 1441 530 1482 sacris
569 1442 748 1493 εὐφημεῖν,
770 1442 854 1482 hoc
885 1442 1034 1482 Latini
1065 1444 1078 1462 ‘
1099 1443 1243 1483 favere
1264 1443 1423 1494 linguis
1440 1443 1450 1459 '
1470 1444 1588 1486 dice-

135 1507 252 1548 bant.
313 1508 434 1549 Hinc
466 1508 635 1549 Noster
656 1508 789 1549 etiam
819 1513 948 1549 extra
983 1521 1107 1550 saera
1127 1510 1204 1550 ubi
1224 1511 1389 1563 reperit
1411 1510 1587 1564 εὐφημίαν

137 1575 253 1627 apud
275 1580 496 1616 auctorem
516 1589 659 1624 suum,
682 1576 725 1616 id
739 1575 934 1617 reddidit
955 1589 1033 1629 per
1051 1575 1303 1617 ‘favorem'
1344 1577 1462 1618 Vide
1485 1579 1585 1620 istic

135 1643 270 1684 etiam
303 1644 514 1684 illustrem
546 1641 829 1684 Obrechtum.
890 1641 1020 1683 Adde
1041 1643 1109 1683 his
1140 1655 1256 1696 pene
1278 1649 1496 1697 perpetua
1528 1659 1586 1686 ex

136 1709 394 1761 Graecismo,
417 1714 428 1732 ‘
444 1710 710 1763 Legatorum
733 1710 998 1752 Palamedes
1015 1709 1025 1725 '
1048 1721 1079 1750 1.
1107 1710 1149 1752 6.
1182 1713 1195 1731 ‘
1212 1710 1468 1752 Graecorum
1493 1713 1586 1754 Me·

134 1776 291 1817 nelaus
307 1776 317 1792 '
337 1788 387 1817 11.
409 1777 478 1818 20.
510 1780 521 1799 ‘
545 1777 839 1818 Barbarorum
864 1777 1064 1818 Hectore
1091 1782 1135 1818 et
1163 1777 1435 1831 Sarpedone,
1458 1780 1583 1821 Grae-

138 1857 290 1885 corum
321 1843 549 1885 Diomede'
581 1856 630 1884 ιι.
661 1844 733 1885 32.
793 1843 1002 1885 Similiter
1036 1855 1091 1884 11.
1121 1844 1192 1885 38.
1223 1845 1292 1885 43.
1317 1847 1394 1886 διο.
1455 1847 1585 1898 Tum,

135 1912 242 1965 quia
263 1911 412 1954 Graeci
448 1912 630 1966 copulas
660 1928 701 1952 τε
732 1910 797 1951 καὶ
827 1913 913 1953 sibi
944 1912 1131 1953 invicem
1153 1914 1464 1967 respondentes
1493 1916 1584 1957 fere

134 1992 303 2033 semper
326 1980 563 2032 geminant,
584 1979 687 2020 ideo
708 1983 751 2020 et
774 1978 939 2020 Noster
966 1981 1133 2032 passim
1156 1981 1168 2001 ‘
1182 1994 1264 2034 que
1281 1985 1323 2022 et
1337 1980 1346 1996 '
1375 1982 1418 2022 in
1435 1982 1585 2036 proxi-

132 2046 382 2099 mojungit,
406 2050 451 2087 et
477 2046 679 2099 opponit.
742 2045 819 2087 Sic
842 2057 896 2087 11.
918 2046 989 2087 29.
1022 2051 1087 2087 ter
1114 2059 1200 2088 uno
1231 2051 1272 2088 et
1302 2049 1425 2090 brevi
1444 2050 1487 2090 in
1509 2063 1588 2091 ca-

132 2114 255 2167 pite:
299 2112 420 2164 ‘Qui
462 2115 519 2155 ob
547 2125 737 2154 amorem
767 2113 960 2166 captivae
992 2113 1193 2155 mulieris
1235 2127 1368 2169 seque
1395 2120 1440 2156 et
1471 2118 1581 2158 tanti

129 2181 324 2222 numinis
346 2181 489 2221 Deum
510 2180 748 2229 contemtui
777 2180 1017 2230 habuisset,
1048 2193 1100 2221 ac
1130 2193 1235 2222 mox
1265 2182 1456 2223 universi
1475 2196 1582 2224 exe-

131 2249 244 2290 crati
278 2248 511 2289 deseruere
541 2248 598 2288 ob
628 2247 760 2301 idque
793 2252 838 2288 et
875 2260 1089 2289 memores
1121 2248 1404 2290 Palamedis.'
1460 2250 1581 2291 Dein

132 2314 362 2355 ‘Achilles
392 2315 434 2355 in
466 2328 538 2356 ore
569 2315 761 2355 omnium
801 2315 1033 2368 ipsumque
1063 2319 1108 2356 et
1139 2314 1389 2357 Menelaum
1430 2322 1581 2359 contu-

130 2382 275 2423 meliis
310 2381 564 2423 lacerabat.'
622 2382 833 2422 Similiter
864 2393 914 2422 11.
947 2383 1016 2423 4⁴2.
1075 2386 1088 2406 ‘
1108 2382 1406 2438 Nostrosque,
1444 2390 1578 2439 atque

130 2449 284 2490 hostes
299 2449 324 2500 ;’
354 2449 436 2496 τοὺς
454 2448 647 2504 ἡμετέρους
668 2466 723 2499 τε,
742 2449 804 2488 καὶ
826 2449 908 2496 τοὺς
929 2448 1140 2502 πολεμίους.

189 2528 297 2558 xv1.
313 2517 432 2558 Satis
454 2530 671 2572 superque
685 2518 780 2559 haec
802 2530 857 2558 ex
872 2518 1048 2558 duobus
1071 2521 1237 2558 tantum
1253 2518 1376 2558 libris
1393 2518 1578 2561 collecta

130 2584 356 2626 declarant
388 2588 658 2638 quantopere
693 2585 933 2626 Graecisset
966 2589 1118 2626 noster
1155 2585 1400 2638 interpres:
1447 2590 1577 2640 atque

131 2652 246 2693 adeo
277 2665 410 2706 quam
446 2653 672 2705 probabile
706 2654 777 2702 sit,
809 2653 924 2706 quod
955 2653 1030 2702 ait,
1067 2665 1123 2693 ex
1160 2652 1324 2693 Graeco
1352 2653 1575 2706 Scriptore

129 2719 241 2761 hanc
270 2719 496 2760 historiam
519 2732 567 2759 se
601 2719 797 2760 vertisse.
856 2718 1015 2773 Neque
1048 2719 1171 2772 rejici
1202 2732 1255 2760 ea
1286 2719 1432 2769 velim,
1455 2721 1576 2774 quod

129 2786 335 2828 nonnulla
354 2799 411 2827 ex
438 2787 494 2827 iis
524 2787 654 2828 etiam
683 2787 801 2840 apud
833 2787 947 2828 alios
970 2787 1132 2828 alicubi
1154 2792 1386 2827 occurrant
1407 2787 1574 2830 Latinae

131 2853 314 2907 Linguae
336 2854 592 2907 Scriptores.
651 2854 748 2895 Nec
779 2854 894 2894 enim
918 2854 1100 2906 singulae
1121 2853 1302 2908 phrases
1324 2854 1575 2908 separatim,

214 2930 328 2970 Delph.
343 2934 373 2962 et
392 2931 468 2962 I'ur.
482 2931 566 2963 Clas.
751 2931 840 2962 Dice.
867 2931 956 2962 Cret.
1462 2930 1490 2962 C
