1915 3231
520 335 581 365 DE
616 335 852 366 HISTORIA
887 336 1032 366 BELLI
1068 336 1301 367 TROJANI.
1575 324 1634 368 37

184 429 298 470 cuba
326 427 479 469 itidem
500 428 620 482 apud
641 432 871 482 utrumque
892 429 1025 470 fertur
1046 442 1145 470 eam
1170 430 1406 482 complexa
1437 431 1633 471 omnium

181 495 373 536 maxime
387 495 597 548 deinceps
615 494 879 536 defendisse.
911 494 1039 537 Adeo
1057 497 1323 537 conveniunt
1341 497 1452 537 inter
1469 510 1515 537 se
1536 497 1633 538 haec

181 563 344 611 omnia,
364 566 416 602 ut
429 562 646 602 neminem
669 565 818 614 putem
835 566 1106 615 negaturum,
1127 567 1359 616 utrumque
1374 563 1430 603 ab
1445 576 1533 603 uno
1555 563 1632 603 ha-

179 629 330 670 buisse
351 642 404 669 ea
437 633 628 676 auctore,
651 632 693 669 et
726 642 857 681 quem
891 634 1147 678 memorant,
1175 643 1262 670 uno
1297 629 1475 683 Dictye,
1499 635 1633 683 atque

179 695 242 736 ita
276 699 470 736 nostrum
501 708 655 736 revera
677 694 886 736 Graecum
917 697 1040 737 illum
1078 696 1260 750 Dictyn,
1295 703 1306 719 ‘
1328 703 1377 737 ut
1411 701 1514 746 erat,
1547 697 1634 737 La-

180 762 271 803 tine
292 761 587 816 exposuisse,'
607 762 728 815 quod
750 762 847 816 ipse
869 763 943 811 ait,
966 767 1007 804 et
1020 775 1101 815 ego
1119 763 1397 817 probandum
1419 776 1633 816 suscepe-

178 842 286 870 ram.

239 906 351 938 XIX.
383 895 508 936 Idem
529 908 633 936 vero
657 899 878 948 agnoscet,
900 896 1167 950 quicumque
1198 910 1296 938 cum
1329 897 1495 939 Malela
1526 911 1630 940 con-

176 964 286 1006 ferre
305 963 440 1004 etiam
469 963 587 1004 volet
613 968 812 1004 nostrum
846 964 1109 1016 Septimium
1131 975 1182 1004 11.
1203 965 1271 1006 18.
1293 966 1347 1006 de
1371 965 1632 1019 Polymnes-

176 1035 268 1072 tore
287 1031 508 1072 Thracum
528 1043 630 1082 rege
652 1030 707 1070 ad
742 1030 996 1083 pactionem
1018 1036 1063 1071 et
1083 1031 1357 1072 deditionem
1379 1032 1553 1081 adacto,
1576 1034 1630 1073 de

177 1098 398 1152 Polydoro
422 1098 588 1138 Priami
608 1097 700 1138 filio
731 1097 902 1138 Graecis
935 1098 1110 1148 tradito,
1151 1112 1279 1152 quem
1319 1099 1395 1140 alii
1426 1099 1628 1153 plerique

175 1178 253 1219 per
273 1165 500 1206 avaritiam
521 1165 636 1205 clam
657 1178 683 1205 a
714 1165 1046 1218 Polymnestore
1076 1166 1352 1207 intersectum
1383 1167 1630 1220 perhibent,

175 1237 220 1273 et
235 1233 290 1273 de
319 1231 584 1272 Teuthrante
599 1233 755 1273 occiso
773 1233 829 1273 ab
847 1231 1003 1286 Ajace,
1020 1237 1062 1274 et
1082 1233 1280 1274 abducta
1296 1233 1388 1287 ejus
1410 1233 1503 1274 filia
1516 1234 1629 1275 Tec-

174 1311 334 1340 messa.
395 1298 462 1339 Ea
484 1299 601 1339 enim
635 1300 781 1340 omnia
810 1312 897 1340 non
932 1299 1124 1341 Malelas
1155 1305 1343 1350 tantum,
1367 1301 1443 1342 sed
1478 1306 1521 1342 et
1543 1301 1625 1343 Ce-

174 1367 348 1417 drenus,
371 1379 498 1419 aeque
521 1380 573 1407 ac
596 1366 853 1419 Septimius,
885 1371 927 1408 et
952 1367 1103 1408 eodem
1129 1368 1293 1418 ordine,
1315 1369 1409 1409 sine
1431 1369 1523 1409 ulla
1546 1369 1627 1409 cir-

174 1434 539 1476 cumstantiarum
569 1435 781 1474 varietate
809 1435 938 1475 nobis
959 1434 1257 1488 prodiderunt.
1318 1436 1456 1476 Porro
1478 1441 1624 1476 autem

173 1502 414 1544 Hectorem
450 1513 529 1554 per
566 1501 752 1541 insidias
788 1514 950 1542 caesum
992 1501 1048 1541 ab
1084 1500 1272 1552 Achille,
1305 1515 1406 1542 cum
1444 1503 1626 1544 obviam

172 1569 464 1610 Penthesileae
482 1567 698 1620 prodiret:
733 1565 878 1608 Unum
900 1580 957 1607 ex
980 1567 1099 1607 illius
1124 1567 1359 1608 comitibus
1378 1573 1624 1610 truncatum

170 1637 387 1685 manibus,
407 1637 451 1675 et
481 1634 545 1674 ita
574 1635 805 1674 remissum
825 1634 1028 1686 'frojam3
1060 1635 1189 1676 isthic
1220 1648 1264 1675 re
1294 1636 1511 1676 intellecta
1531 1636 1625 1676 edi-

170 1709 263 1744 tum
284 1703 493 1756 ejulatum
517 1707 606 1742 tam
629 1701 945 1750 vehementem,
968 1706 1019 1741 ut
1050 1703 1179 1743 etiam
1204 1715 1312 1743 aves
1339 1716 1396 1743 ex
1427 1703 1527 1744 ae're
1551 1704 1625 1744 de-

167 1771 383 1812 ciderint:
435 1765 665 1809 Priamum
696 1780 806 1809 mox
835 1781 935 1808 cum
958 1766 1272 1811 Andromacha
1304 1774 1348 1811 et
1391 1770 1624 1824 Polyxena

166 1839 337 1879 venisse
366 1837 423 1877 ad
441 1835 670 1885 Achillem,
701 1848 886 1890 eumque
917 1849 1085 1886 orasse,
1108 1841 1159 1876 ut
1194 1837 1389 1878 cadaver
1411 1837 1622 1879 Hectoris

166 1906 254 1947 sibi
269 1905 486 1953 redderet,
508 1905 642 1944 immo
665 1904 874 1944 obtulisse
887 1904 942 1952 ei,
965 1909 1065 1957 post
1081 1905 1363 1957 impetratum
1377 1904 1472 1958 jam
1490 1905 1622 1946 cada—

164 1985 253 2022 ver,
286 1971 573 2026 Polyxenam,
599 1969 676 2010 sed
710 1983 843 2023 quam
876 1970 1094 2012 distulerit
1124 1976 1230 2012 tunc
1250 1971 1472 2014 Achilles:
1505 1973 1621 2013 Pen-

165 2040 395 2081 thesileam
426 2050 545 2086 vero,
568 2037 722 2077 audita
751 2051 858 2079 nece
881 2038 1104 2088 Hectoris,
1126 2039 1264 2080 redire
1295 2039 1470 2080 domum
1492 2040 1620 2081 volu-

163 2109 267 2157 isse,
291 2105 368 2147 sed
397 2118 424 2146 a
455 2104 618 2146 Paride
640 2105 779 2146 multo
810 2118 916 2146 auro
946 2105 1171 2147 inductam
1202 2107 1431 2156 mansisse,
1451 2111 1493 2147 et
1513 2120 1619 2147 mox

164 2174 401 2215 commissa
420 2185 584 2226 pugna,
607 2185 707 2212 cum
731 2173 870 2213 aciem
901 2173 1002 2226 ipsa
1033 2173 1281 2230 ordinasset
1301 2177 1345 2214 et
1365 2174 1478 2214 inter
1498 2175 1620 2227 equi-

162 2247 228 2282 tes
267 2241 556 2290 constitisset,
593 2239 761 2280 fortiter
792 2239 1042 2288 dimicasse,
1082 2240 1160 2281 sed
1193 2241 1250 2281 ab
1283 2240 1459 2281 Achille
1501 2254 1617 2294 equo

163 2308 396 2362 dejectam,
428 2313 473 2348 et
507 2308 702 2348 crinibus
745 2311 942 2358 tractam,
977 2308 1190 2357 occisam,
1221 2307 1529 2361 abjectamque
1571 2309 1617 2348 in

160 2376 343 2417 fluvium
371 2375 717 2416 Scamandrum:
750 2374 937 2416 Graecos
969 2374 1068 2414 dein
1099 2376 1337 2428 peremisse
1370 2375 1533 2415 multos
1557 2388 1613 2415 ex

161 2443 392 2484 hostibus:
424 2446 469 2483 at
489 2440 794 2482 Amazonibus
826 2442 1095 2494 pepercisse,
1127 2442 1328 2482 servituti
1360 2441 1617 2482 destinatis:

160 2509 353 2551 Venisse
375 2511 535 2562 postea
556 2507 838 2548 Memnonem
861 2507 1028 2559 Regem
1061 2508 1272 2548 Indorum
1296 2522 1394 2548 cum
1416 2509 1615 2550 maxima

158 2589 291 2618 manu
312 2576 367 2617 ad
388 2577 622 2629 suppetias
644 2575 827 2617 Priamo
848 2575 1079 2616 ferendas:
1112 2576 1255 2616 victos
1276 2576 1332 2615 ab
1354 2588 1406 2615 eo
1428 2574 1614 2617 Graecos

158 2644 215 2685 ad
235 2656 372 2685 naves
401 2642 630 2696 refugisse,
651 2656 764 2697 quas
784 2644 908 2696 ipsas
939 2642 1042 2683 sola
1071 2655 1165 2683 nox
1187 2642 1499 2695 superveniens
1520 2656 1612 2684 ser-

157 2710 324 2751 vaverit
345 2722 355 2750 :
387 2715 506 2750 sorte
536 2710 637 2750 dein
656 2710 840 2751 ductum
862 2707 1048 2763 Ajacem
1069 2709 1392 2757 Telamonium,
1415 2710 1490 2763 qui
1512 2723 1613 2763 pos-

157 2776 284 2817 tridie
308 2789 407 2817 cum
430 2775 669 2817 Memnone
692 2780 936 2830 pugnaret:
966 2776 1038 2816 hic
1060 2788 1163 2817 vero
1185 2788 1285 2816 cum
1309 2774 1376 2815 illi
1407 2789 1610 2817 succum-

155 2843 287 2893 beret,
301 2841 439 2883 Indos
460 2843 679 2885 invasisse
700 2841 904 2897 AJacem,
926 2842 1006 2884 sed
1025 2843 1197 2884 interim
1216 2840 1454 2893 Achillem,
1471 2843 1610 2885 nuda-
