1915 3231
559 347 622 377 DE
655 347 812 376 nunno
845 346 1072 377 'l'ROJANO
1107 346 1201 376 Lus.
1235 348 1286 377 ιι.
1559 338 1642 379 157

199 446 333 494 atque
354 445 402 480 ut
433 441 476 480 in
508 440 744 481 inserendis
774 440 960 494 injuriis,
993 439 1054 480 ita
1074 443 1116 481 et
1137 440 1182 479 in
1203 439 1452 481 inchoando
1483 441 1640 493 praelio

197 508 274 548 fite
314 511 542 548 auctores:
574 520 654 547 nos
685 519 918 560 sequemur
947 505 1168 547 lacessiti?
1225 507 1415 548 Talibus
1449 507 1641 548 invicem

197 576 441 615 consumtis
476 575 639 623 verbis,
674 574 809 626 legati
842 573 1030 614 consilio
1065 573 1238 613 abeunt.
1314 572 1384 614 Ac
1417 586 1524 613 mox
1562 587 1641 626 per

197 641 412 695 populum
431 640 747 689 disseminatis,
763 652 862 692 quae
885 638 1119 679 adversum
1137 644 1147 662 ¹
1170 639 1344 692 legatos
1361 640 1527 680 AEneas
1543 639 1643 680 dix-

198 712 307 756 erat,
326 707 539 748 tumultus
561 707 706 756 oritur,
736 706 908 747 scilicet
941 719 1022 759 per
1054 719 1156 746 eum
1192 707 1439 747 universam
1475 706 1642 747 Priami

197 774 389 823 domum,
421 774 524 814 odio
554 772 675 825 regni
710 771 820 825 ejus,
843 773 1039 826 pessimo
1073 773 1373 814 intercedendi
1404 773 1645 826 exemploc

197 853 396 881 eversum
417 841 484 880 iri.
543 839 649 891 [Ξῖ]
670 839 814 892 Igitur
835 839 908 880 ubi
927 840 1060 891 legati
1082 839 1139 880 ad
1158 841 1399 881 exercitum
1421 853 1643 890 revenere,

199 908 366 948 cunctis
392 907 580 948 ducibus
614 906 733 948 dicta
763 911 979 960 gestaque
1012 906 1303 960 Trojanorum
1334 908 1566 949 adversum
1594 917 1652 948 se‘

198 980 441 1028 exponunt.
484 974 641 1027 Itaque
663 974 923 1024 decernitur,
940 974 1005 1014 uti
1023 972 1315 1028 Polydorumd
1334 975 1379 1015 in
1400 978 1644 1027 conspectu

199 1041 404 1091 omnium,
425 1046 555 1094 atque
577 1045 676 1082 ante
697 1042 822 1094 ipsos
844 1054 989 1082 muros
1009 1045 1226 1082 necarent.
1280 1041 1440 1095 Neque
1456 1041 1643 1081 ulterius

202 1108 382 1149 dilatum
406 1108 607 1149 facinus:
633 1109 796 1162 quippe
816 1107 1063 1161 productus
1093 1107 1138 1147 in
1169 1107 1378 1157 medium,
1399 1106 1644 1148 visentibus

201 1187 260 1216 ex
278 1175 416 1215 muris
431 1180 445 1196 Ε
473 1175 696 1228 plerisque
713 1174 921 1224 hostium,
942 1174 1168 1228 lapidibus
1189 1175 1320 1224 ictus,
1341 1174 1545 1215 fraternae
1565 1173 1645 1213 im-

201 1242 382 1295 pietatis
413 1255 569 1295 poenas
590 1242 687 1282 luit.
747 1241 816 1282 Ac
837 1255 940 1282 mox
961 1255 1075 1282 unus
1094 1255 1152 1282 ex
1173 1241 1453 1295 praeconibus
1473 1242 1644 1282 nuntia-

205 1312 295 1348 tum
318 1309 553 1350 Iliensibus
575 1308 773 1358 mittitur,
804 1309 865 1350 uti
896 1309 1164 1362 Polydorum
1196 1307 1493 1362 sepeliendum
1522 1313 1645 1361 pete-

201 1378 305 1415 rent.
364 1374 623 1428 Missusque
657 1375 713 1416 ad
748 1388 842 1416 eam
873 1388 962 1416 rem
995 1375 1161 1426 Idaeus,
1191 1389 1289 1416 cum
1321 1375 1459 1416 servis
1479 1376 1645 1428 regiis‚2

201 1441 412 1482 soedatum
445 1455 497 1483 ac
533 1442 789 1484 dilaniatum
820 1443 1046 1496 lapidibus
1082 1443 1351 1496 Polydorum
1386 1442 1512 1482 matri
1546 1443 1644 1496 ejus

203 1506 407 1550 Hecubae
444 1510 583 1551 refert.
644 1509 822 1550 Interim
843 1509 964 1562 Ajax
994 1509 1298 1558 Telamonius,
1320 1521 1376 1548 ne
1396 1508 1502 1561 quid
1524 1510 1646 1562 quie-

201 1577 293 1614 tum
315 1575 514 1618 finitimis
535 1577 684 1630 Trojae
714 1577 961 1629 regionibus
983 1580 1113 1629 atque
1137 1575 1293 1616 amicis
1313 1575 1642 1628 relinqueretur,

200 1640 419 1683 hostiliter
452 1657 528 1684 eas
564 1645 822 1695 ingressus,³
863 1640 1100 1696 Botyramf
1126 1641 1408 1695 Cillamque,g
1442 1642 1646 1683 civitates

207 1707 375 1750 divitiis
393 1710 582 1761 nobiles,
610 1713 745 1764 capit.
806 1709 965 1763 Neque
987 1714 1215 1751 contentus
1246 1708 1332 1758 his,
1366 1707 1645 1760 Gargarum,h

808 1828 863 1840 000
868 1828 1045 1841 ‘UOOOOOOO

202 1906 312 1937 locum
328 1904 522 1936 emendavit
535 1904 702 1936 Obrecht.
717 1914 759 1936 ex
772 1904 857 1946 Arg.
873 1905 1020 1938 Cod.—l
1038 1905 1166 1947 Delph.
1179 1905 1400 1937 adversum—2
1413 1902 1540 1943 Delph.
1552 1902 1650 1942 regis,

855 2012 994 2044 NOTAE

202 2076 324 2118 virgil.
350 2085 433 2108 vm.
458 2077 532 2108 AEn.
557 2077 567 2094 ‘
590 2077 637 2108 Ut
661 2077 740 2108 belli
765 2077 897 2118 signum

202 2125 365 2158 Laurenti
378 2126 510 2157 Turnus
527 2126 570 2157 ab
586 2136 664 2157 arce
691 2127 837 2166 Extulit,
863 2131 899 2158 et

203 2186 304 2208 rauco
318 2181 539 2216 strepuerunt
554 2185 680 2207 cornua
696 2176 823 2208 cantn.’

246 2231 260 2247 ⁰
283 2226 423 2257 Pessima
437 2226 647 2257 intercedendi
657 2226 810 2266 exemplo]
839 2227 895 2258 In-

204 2276 382 2308 tercedere
396 2277 553 2307 dicuntur
566 2277 622 2317 qui
637 2285 673 2307 se
685 2276 814 2308 medios
831 2277 897 2307 dis-

202 2326 398 2366 putantibus
425 2326 667 2366 interponunt3
691 2326 762 2357 sive
779 2327 820 2357 ad
838 2337 896 2366 pa-

202 2385 288 2416 cem,
303 2377 372 2407 sive
386 2375 427 2406 ad
445 2376 579 2408 bellum.
622 2377 668 2407 Et
683 2376 739 2407 hic
756 2376 896 2407 AEneam

201 2425 286 2458 dicit
303 2427 446 2467 pessimo
468 2426 626 2467 exemplo
649 2426 894 2467 intercessisse,

202 2477 282 2518 quia
298 2476 340 2507 ad
356 2476 480 2507 bellum
496 2477 624 2507 animos
640 2476 798 2508 irritavit.

243 2525 259 2547 ‘¹
278 2526 335 2557 Uti
351 2527 552 2568 Polydorum]
576 2527 678 2558 Certe
693 2527 747 2558 hic
765 2526 896 2557 modes-

203 2577 262 2608 tiae
274 2582 308 2608 et
321 2576 562 2608 moderationis
573 2577 786 2616 Graecorum,
798 2585 897 2617 quam

205 2626 306 2658 modo
342 2627 504 2667 laudavit,
541 2636 606 2658 non
635 2626 718 2657 satis
747 2625 901 2656 meminit

207 2678 339 2718 Dictys,
360 2677 416 2719 qui
440 2681 506 2708 tam
532 2675 623 2708 foede
646 2675 857 2717 Polydorum
881 2685 901 2706 a

206 2728 341 2759 Graecis
367 2729 536 2768 lapidibus
558 2727 656 2759 obrui
671 2726 787 2759 faciat.
830 2726 899 2757 Sed

206 2778 260 2809 hic
285 2778 386 2809 etiam
407 2784 525 2810 contra
547 2778 736 2810 Historiam
763 2782 899 2818 peccat.

206 2828 396 2869 Polydorus
410 2829 498 2860 enim
523 2838 544 2860 a
566 2828 826 2869 Polymnestore
842 2826 901 2857 ob·

208 2883 409 2919 truncatu83
438 2883 476 2911 ut
505 2888 606 2921 supra
632 2878 744 2911 retuli.
801 2878 900 2910 Solus

950 2078 1133 2115 Homerus,
1158 2074 1248 2118 quod
1278 2073 1395 2109 sciam,
1426 2081 1503 2104 eum
1529 2070 1572 2103 ab
1599 2070 1647 2103 A—

949 2127 1047 2159 cliille
1062 2127 1211 2158 occisum
1228 2124 1328 2164 dicit,
1341 2124 1381 2155 Il.
1397 2127 1431 2154 E.

992 2181 1005 2197 θ
1032 2176 1209 2208 Visentibus
1223 2184 1263 2206 ex
1275 2173 1390 2213 muris]
1410 2172 1568 2213 Trojanis
1584 2172 1647 2203 sci-

949 2227 1039 2259 licet.
1077 2226 1143 2257 Sed
1161 2235 1222 2256 cur
1237 2225 1259 2256 ii
1275 2223 1391 2264 egredi
1408 2232 1475 2253 non
1492 2227 1647 2254 tentave-

948 2282 1039 2316 runt,
1063 2282 1102 2308 ut
1126 2275 1257 2307 facinus
1284 2272 1503 2314 impedirent,
1525 2272 1645 2303 saltem

948 2333 986 2359 ut
1002 2326 1235 2359 vindicarent?

992 2376 1007 2396 f
1028 2376 1191 2418 Botyram]
1229 2376 1285 2407 De
1309 2374 1374 2404 hac
1399 2373 1538 2404 civitate
1562 2371 1645 2402 nihil

950 2428 1075 2459 inveni.
1106 2427 1229 2457 Forsan
1246 2424 1428 2465 scripserat
1444 2422 1568 2462 Dictys
1582 2421 1646 2452 As-

950 2485 1082 2518 tyram3
1109 2485 1183 2516 quae
1208 2474 1288 2505 urbs
1313 2474 1402 2504 inter
1422 2473 1647 2513 Lampsacum

950 2531 986 2558 et
1003 2525 1171 2567 Abydum,
1196 2528 1232 2556 et
1255 2532 1320 2554 non
1338 2523 1435 2563 longe
1450 2521 1494 2553 ab
1514 2521 1648 2553 Antan-

949 2577 1023 2608 dro.

993 2631 1009 2654 s
1034 2624 1163 2665 Cillam]
1188 2623 1266 2656 Non
1290 2622 1389 2662 longe
1416 2631 1436 2653 a
1460 2619 1587 2662 Theba,
1611 2621 1647 2652 in

949 2675 1097 2708 Troade.
1141 2675 1218 2707 Jam
1235 2681 1349 2713 supra.

993 2725 1008 2746 ¹¹
1034 2724 1231 2765 Gargarum]
1254 2724 1296 2754 Iu
1312 2720 1506 2753 summitate
1522 2719 1648 2751 montis

950 2775 1035 2807 Idae.
1081 2774 1170 2805 Vide
1191 2771 1349 2804 Mam-ob.
1375 2770 1434 2801 lib.
1447 2778 1481 2800 v.
1504 2778 1579 2809 cap.
1594 2771 1649 2799 20.

951 2826 1005 2856 Ibi
1022 2829 1125 2856 aetate
1140 2822 1315 2855 Strabonis
1335 2819 1431 2852 fuere
1453 2819 1463 2837 ‘
1475 2818 1651 2860 Gargara,'

953 2875 1031 2908 urbs
1049 2874 1181 2907 AEoliae.
1216 2873 1317 2905 Illum
1333 2870 1421 2913 vide,
1437 2879 1520 2902 xm.
