1915 3231
536 309 600 341 DE
632 308 871 340 HisromA
906 307 1052 338 BELLI
1087 305 1320 336 TROJANr.
1589 293 1646 335 39

192 417 294 457 pag.
317 405 569 446 156.-166.
600 404 787 456 denique
809 402 929 456 apud
954 400 1198 443 Cedrenum
1214 400 1259 440 in
1284 398 1392 439 serie
1415 397 1648 440 Historica

192 472 260 513 sui
281 472 557 526 Compendii.
618 472 868 524 Sequuntur
895 469 996 510 dein
1027 468 1120 518 alii,
1151 468 1360 521 pleraque
1387 465 1537 506 itidem
1559 467 1647 506 sin-

191 539 377 591 gularia,
400 544 445 580 et
463 539 575 579 inter
604 551 650 578 se
673 542 818 578 tamen
839 537 884 577 in
912 537 1036 577 hisce
1058 535 1315 576 auctoribus
1343 533 1644 585 congruentia,

190 605 330 647 veluti
360 606 414 646 de
452 609 593 646 morte
636 604 812 645 Paridis
858 603 997 644 tribus
1040 602 1296 643 vulneribus
1332 614 1360 641 a
1396 599 1647 640 Philocteta

189 672 422 722 vulnerati,
440 675 482 713 et
502 673 707 713 insecuta
726 671 926 711 OEnones
949 674 1103 720 morte,
1125 670 1180 710 de
1204 668 1410 723 prodigio
1436 666 1646 716 infausto,

189 738 310 791 quod
344 739 554 792 Trojanis
585 738 689 778 dein
712 738 958 786 obvenerit,
988 737 1042 777 de
1074 737 1298 789 legatione
1320 734 1561 776 Antenoris
1589 734 1648 774 ad

189 805 394 856 Graecos,
414 806 468 846 de
504 806 707 859 pactione
746 805 859 845 inter
897 803 1086 845 Graecos
1122 810 1167 844 et
1197 803 1428 857 Trojanos,
1460 801 1645 854 turpiter

188 873 394 925 proditos
417 873 473 913 ab
506 872 737 921 Antenore,
758 875 802 913 et
821 872 1035 925 deceptos
1047 871 1334 925 jurejurando
1366 869 1645 917 Graecorum,

188 939 244 980 de
263 940 341 980 lite
368 940 481 980 inter
501 939 710 992 Ulyssem
731 943 775 980 et
791 938 994 992 Ajacem,
1015 951 1099 979 non
1116 938 1170 978 de
1192 938 1323 979 armis
1340 935 1548 986 Achillis,
1568 934 1648 976 sed

191 1006 247 1048 de
268 1006 494 1057 Palladio,
523 1006 713 1059 denique
735 1006 789 1046 de
809 1019 918 1046 nece
936 1006 1096 1059 Ajacis
1119 1010 1257 1046 noctu
1281 1006 1324 1045 in
1358 1004 1542 1045 tentorio
1565 1014 1645 1043 suo

187 1074 341 1123 occisi,
361 1087 449 1114 non
469 1087 552 1114 sua
572 1086 720 1123 manu,
743 1073 821 1115 sed
840 1073 941 1114 dolo
966 1074 1162 1127 Ulyssis,
1184 1073 1259 1126 qui
1278 1077 1324 1113 et
1345 1072 1446 1112 ideo
1470 1085 1526 1112 ex
1547 1083 1644 1112 cas-

189 1142 270 1182 tris
292 1140 554 1182 Graecorum
575 1141 790 1193 aufugerit
810 1142 854 1180 in
876 1141 1140 1181 Thraciam:
1172 1154 1272 1193 quae
1304 1139 1456 1180 omnia
1485 1139 1646 1178 iterum

189 1207 359 1250 Noster
377 1209 513 1250 habet
541 1209 617 1249 lib.
641 1218 706 1247 lv.
729 1213 840 1248 extr.
870 1212 912 1249 et
946 1212 1041 1248 toto
1074 1208 1151 1248 lib.
1177 1217 1223 1248 v„
1285 1205 1476 1247 Malelas
1497 1209 1646 1246 autem

190 1276 236 1316 in
269 1276 466 1317 oratione
487 1274 665 1329 Ulyssis
695 1275 751 1314 ad
783 1269 967 1316 Graecos
998 1275 1052 1315 de
1086 1274 1289 1315 Palladio
1320 1287 1364 1327 p.
1388 1272 1644 1313 140.—144.

190 1347 234 1384 et
255 1342 481 1385 Cedrenus
511 1356 555 1395 p.
577 1342 796 1384 130.'131.
817 1342 913 1383 132.
974 1341 1176 1382 Ceterum
1204 1341 1370 1382 indicio
1399 1341 1495 1382 haec
1523 1344 1645 1389 sunt,

184 1412 274 1452 ¹nisi
313 1409 444 1451 valde
476 1410 619 1458 fallor,
655 1411 916 1459 certissimo,
951 1410 1229 1450 verissimum
1271 1421 1384 1457 esse,
1425 1408 1543 1461 quod
1586 1409 1648 1449 ait

189 1481 339 1518 noster
361 1476 617 1529 SeptimiuS,
639 1488 699 1515 ex
732 1476 897 1517 Graeco
935 1477 1176 1529 Scriptore‚
1213 1477 1290 1529 qui
1324 1476 1517 1529 Dictyos
1539 1474 1648 1515 Cre-

188 1544 324 1584 tensis
354 1556 512 1583 nomen
543 1543 821 1596 praeferebat,
860 1544 995 1584 hosce
1027 1543 1204 1584 libellos
1236 1544 1292 1583 ab
1324 1555 1371 1583 se
1401 1555 1575 1591 versos,
1604 1546 1647 1582 et

188 1611 267 1651 illo
292 1610 470 1664 quidem
501 1610 614 1663 ipso,
637 1609 714 1662 qui
744 1622 772 1650 a
807 1611 1126 1663 posterioribus
1147 1609 1335 1658 Graecis,
1355 1621 1408 1650 ac
1442 1608 1647 1662 inprimis

191 1675 372 1725 Malela,
392 1676 592 1728 cognitus
613 1675 695 1717 suit
711 1689 766 1717 eo
788 1677 977 1726 nomine,
994 1681 1037 1718 et
1057 1690 1181 1730 saepe
1198 1677 1371 1717 citatus.

249 1753 341 1784 xx.
371 1743 489 1784 Nam
521 1743 641 1796 quod
664 1743 874 1784 Barthius
896 1744 1220 1797 suspicabatur,
1240 1743 1430 1784 Graecos
1452 1755 1522 1793 ea,
1544 1754 1647 1796 quae

189 1811 384 1866 Dictyos
416 1811 593 1851 nomine
628 1812 781 1861 citant,
809 1811 1022 1852 sumsisse
1041 1824 1100 1851 ex
1128 1810 1213 1852 hoc
1244 1810 1404 1851 Latino
1437 1809 1646 1864 Septimii

188 1878 418 1933 opusculo,
457 1877 529 1918 vel
565 1878 652 1919 hoc
682 1879 826 1932 ipsum
863 1878 1129 1931 opusculum
1159 1878 1206 1918 in
1240 1876 1449 1919 Graecam
1484 1880 1646 1931 postea.

188 1946 379 1998 linguam
408 1945 692 1994 convertisse,
714 1945 758 1985 id
786 1945 989 1999 profecto
1023 1945 1079 1986 ab
1111 1945 1230 1985 omni
1265 1945 1358 1986 veri
1391 1945 1542 1999 specie
1573 1949 1645 1985 est

189 2012 522 2061 alienissimum,
545 2025 644 2052 cum
664 2016 816 2053 noster
832 2026 912 2053 sua
932 2025 979 2053 se
994 2013 1143 2066 ipsum
1160 2025 1183 2053 e
1204 2011 1368 2054 Graeco
1389 2013 1586 2061 vertisse,
1599 2015 1645 2053 et

187 2080 400 2120 nonnulla
439 2078 591 2121 Graeci
642 2081 834 2121 auctoris
873 2081 1165 2130 contraxisse,
1204 2081 1320 2121 ultro
1360 2081 1643 2134 profiteatur:

189 2160 294 2188 cum
315 2150 378 2188 tot
407 2147 452 2187 in
474 2159 527 2188 eo
548 2152 780 2188 occurrant
799 2148 970 2201 passim
990 2148 1244 2198 Graecismi,
1258 2152 1305 2188 ut
1337 2160 1474 2201 supra
1494 2149 1643 2188 osten-

189 2213 350 2264 dimus,
369 2214 503 2255 immo
536 2220 580 2255 et
601 2215 824 2256 vocabula
844 2216 899 2256 ab
931 2215 1033 2268 ipso
1055 2216 1241 2268 primum
1272 2227 1330 2254 ex
1364 2214 1526 2256 Graeco
1549 2226 1644 2255 ser-

188 2293 317 2322 mone
346 2294 559 2335 expressa
579 2287 623 2323 et
654 2281 857 2332 formata,
879 2282 1011 2336 quale
1042 2287 1112 2323 est
1137 2281 1250 2323 illud
1282 2286 1293 2303 ⁴
1309 2281 1338 2323 J
1343 2283 1441 2323 ovis
1463 2281 1646 2323 Anteae-

188 2347 392 2389 dificialis
409 2347 418 2364 '
439 2362 493 2390 ex
515 2348 633 2390 Jove
650 2349 833 2404 Ἐρκαίῳ,
855 2356 900 2391 et
918 2351 1095 2398 similia,
1117 2363 1218 2404 quae
1239 2350 1490 2391 versionem
1510 2350 1644 2403 liqui-

187 2415 245 2457 do
266 2416 522 2457 declarant:
554 2429 655 2457 cum
684 2423 836 2458 noster
867 2418 913 2458 in
945 2418 1038 2458 Sex
1063 2417 1222 2459 Libros
1251 2417 1483 2458 historiam
1515 2416 1643 2457 rede-

189 2483 314 2536 gerit,
337 2496 468 2537 quam
504 2483 695 2525 Graecus
724 2485 924 2538 Scriptor
942 2498 1102 2526 novem
1124 2484 1199 2526 vel
1231 2484 1387 2525 decem
1413 2484 1541 2524 libris
1562 2496 1641 2524 ex-

187 2553 413 2603 posuerat,
448 2555 564 2591 teste
596 2552 758 2594 Suida:
791 2566 889 2594 cum
912 2553 1064 2594 Graeci
1097 2565 1156 2592 ex
1192 2564 1273 2592 suo
1305 2551 1469 2604 Dictye
1497 2551 1642 2593 multa

188 2616 384 2667 afferant,
404 2631 504 2671 quae
535 2619 582 2659 in
616 2624 768 2661 nostro
803 2634 888 2661 non
914 2620 1202 2674 reperiuntur,
1239 2618 1379 2659 veluti
1401 2617 1643 2660 Characte-

188 2695 257 2724 res
289 2683 490 2725 Heroum
512 2698 522 2726 ε
555 2699 656 2727 cum
674 2686 866 2741 denique
896 2687 1108 2736 Malelas‚
1127 2686 1205 2739 qui
1224 2686 1416 2738 linguam
1437 2685 1641 2727 Latinam

189 2750 270 2791 vix
301 2751 540 2803 intellexit,
561 2758 611 2794 ut
640 2754 814 2795 abunde
844 2755 1054 2808 probavit
1075 2753 1363 2794 Clarissimus
1392 2752 1572 2794 Hodius
1595 2753 1642 2794 in

188 2815 538 2871 Prolegomenis,
559 2833 617 2861 ex
639 2821 802 2876 Dictye
824 2822 1029 2875 pleraque
1059 2820 1191 2874 hujus
1221 2819 1415 2861 historiae
1437 2819 1640 2862 hausisse
