1915 3231
281 333 364 374 308
778 347 991 378 DARu'ris
1026 348 1236 380 PHRYGH

282 444 385 480 ant4
414 453 512 482 cum
535 442 749 483 classibus
765 447 806 483 et
822 443 1085 483 exercitibus
1104 444 1269 484 ornatig
1300 444 1488 498 pariter-*¹
1519 446 1575 488 ad
1594 445 1727 489 Athe-

280 507 495 548 niensium
517 513 707 562 portum,
741 510 855 551 unde
887 511 1046 564 pariter
1077 511 1135 551 ad
1165 510 1342 566 Trojam
1373 513 1724 566 proficiscantur,

280 574 336 615 ad
361 574 658 617 defendendas
679 589 784 618 suas
804 578 999 633 injurias.
1039 577 1198 619 Castor
1219 583 1262 620 et
1285 579 1445 621 Pollux
1465 581 1510 621 in
1530 580 1726 631 recenti,i

278 645 514 695 postquam
535 644 766 685 audierunt
784 644 999 685 Helenam
1022 657 1210 686 sororem
1224 658 1349 686 suam
1369 650 1552 700 raptam,
1565 660 1723 689 navem

279 710 571 751 ascenderunt
589 716 634 752 et
654 712 793 752 secuti
814 709 946 752 sunt.k
998 711 1145 753 Lesbo
1164 713 1310 754 navim
1331 714 1579 766 solverunt;
1599 728 1725 757 max-

278 777 368 817 ima
387 780 646 830 tempestate
675 779 882 832 correpti,
912 792 1134 833 nusquam
1165 785 1530 834 comparuerunt:
1561 787 1726 835 postea

279 842 444 884 dictum
470 848 555 895 est,
574 858 651 886 eos
682 846 951 887 immortales
980 847 1138 888 factos.
1198 847 1357 900 Itaque
1383 847 1570 889 Lesbios
1599 849 1726 890 navi-

278 910 362 950 bus
379 924 458 951 eos
479 925 619 965 usque
641 912 698 953 ad
718 912 895 966 Trojam
915 914 1147 966 quaesitum
1166 913 1272 964 isse,
1293 927 1436 967 neque
1456 928 1606 956 eorum
1629 930 1727 957 ves·

278 978 385 1029 tigia
406 992 588 1032 usquam
612 980 789 1020 inventa
810 980 928 1020 domi
948 981 1233 1022 renuntiasse.
1292 980 1398 1035 [12]
1421 981 1562 1023 Dares
1583 983 1726 1037 Phry-

279 1044 389 1096 gius,
403 1046 476 1098 qui
490 1046 601 1087 hanc
617 1047 848 1088 historiam
865 1045 1072 1100 scripsit,¹
1087 1049 1150 1088 ait
1168 1061 1215 1088 se
1231 1048 1447 1089 militasse
1464 1062 1604 1102 usque
1619 1049 1724 1090 dum

278 1110 415 1164 Troja
434 1117 563 1166 capta
581 1118 670 1155 est:
693 1114 773 1154 hos
791 1127 838 1154 se
853 1113 1047 1154 vidissem
1063 1126 1163 1154 cum
1180 1114 1370 1155 induciae
1385 1120 1545 1163 essent,
1567 1116 1724 1168 partim

279 1179 435 1231 praelio
456 1180 714 1221 interfuisse.
777 1180 819 1221 A
842 1181 1057 1222 Dardanis
1073 1187 1089 1202 ¹¹
1112 1181 1326 1231 audiisse,
1345 1194 1434 1234 qua
1452 1182 1565 1222 facie
1586 1186 1629 1223 et
1648 1196 1724 1224 na-

279 1248 376 1286 tura
398 1246 583 1288 fuissent
604 1247 763 1290 Castor
784 1254 829 1290 et
849 1249 1025 1290 Pollux,
1086 1249 1281 1290 Fuerunt
1301 1254 1449 1290 autem
1471 1249 1579 1290 alter
1599 1250 1726 1292 alteri

279 1312 471 1364 similis,⁰
498 1315 661 1368 capillo
684 1315 819 1366 flavo,
840 1316 980 1357 oculis
1001 1316 1185 1369 magnis,
1207 1315 1321 1356 facie
1344 1329 1466 1369 pura,
1487 1316 1598 1358 bene
1617 1317 1727 1371 figu-

280 1379 377 1430 rati,
399 1393 580 1434 corpore
602 1381 824 1425 deducto.p
885 1382 1099 1423 Helenam
1121 1383 1309 1424 similem
1328 1383 1453 1434 illis‚‘³
1475 1383 1724 1434 formosam,

904 1524 1122 1535 eeeeeeeeeee

323 1588 343 1616 4
370 1587 540 1619 Conveniat
557 1590 677 1630 Delplr.

933 1676 1078 1708 NOTAE

324 1751 338 1773 g
364 1747 442 1778 Cum
456 1749 603 1780 classibus
619 1754 648 1781 et
659 1751 844 1782 exercitibus
858 1752 975 1792 ornati]

281 1798 432 1838 Optime.
490 1800 577 1830 Nam
608 1811 683 1832 cum
713 1802 808 1842 legis,
834 1808 973 1834 ornatus

281 1854 386 1887 veste,
422 1849 563 1889 capillis,
605 1853 670 1881 &c.
707 1853 974 1893 subintelligitur

281 1901 481 1939 praepositio
505 1911 584 1933 cam.
626 1902 683 1933 Sic
707 1902 808 1934 Ovid.
830 1903 928 1939 dixit,
947 1913 972 1935 r.

279 1949 423 1980 Metam.
447 1951 455 1967 ‘
469 1950 650 1982 Caesariem
664 1962 737 1983 cum
755 1962 820 1993 qua
835 1959 973 1990 terram,

280 2007 382 2034 mare,
399 1999 510 2031 sidera
524 2001 652 2033 movit.’
675 2002 730 2033 Sic
749 2003 874 2034 Paulus
890 2003 975 2035 Oro-

281 2049 362 2087 sius,
387 2059 451 2082 νη.
483 2053 491 2067 ‘
507 2051 587 2090 Ipse
612 2052 805 2093 Imperator
829 2063 903 2084 cum
926 2064 976 2085 sa-

280 2099 368 2138 gitta
404 2101 535 2132 socius.¹
579 2103 646 2133 Sed
684 2102 761 2133 vide
791 2103 976 2135 Sanctium.

279 2150 335 2181 Sic
352 2151 424 2191 ipse
448 2151 549 2191 infra,
572 2155 580 2169 ⁴
595 2153 642 2184 sic
666 2154 775 2185 ornati
801 2163 876 2185 cam
892 2154 976 2186 clas-

279 2200 339 2230 se.’

322 2248 337 2269 ¹¹
361 2250 507 2292 Pariter]
542 2252 581 2283 ld
598 2257 663 2292 est,
677 2253 796 2285 eodem
814 2261 978 2296 tempore.

322 2299 331 2319 ¹
352 2300 391 2331 In
406 2303 538 2343 recenti]
574 2303 643 2334 Pro
660 2304 807 2344 tandem,
821 2306 872 2336 vel
889 2312 976 2346 post-

280 2360 383 2382 remo.

322 2399 337 2419 k
361 2402 480 2433 Navem
502 2405 703 2436 ascenderunt
728 2409 757 2436 et
781 2406 877 2437 secuti
892 2406 977 2446 sunt]

278 2451 346 2482 Sed
357 2453 428 2492 jam
444 2459 524 2485 ante
541 2455 663 2487 Castor
678 2461 712 2487 et
723 2456 844 2487 Pollux
858 2462 978 2488 contra

280 2501 378 2533 Idam
394 2508 428 2534 et
443 2504 615 2544 Lynceum
638 2505 670 2536 in
687 2505 836 2537 Arcadia
852 2516 977 2547 pugna—

278 2557 410 2588 verant,
422 2553 471 2584 ita
482 2558 530 2593 ut,
539 2556 683 2587 Castore
695 2555 891 2594 interfecto,
899 2557 977 2587 Pol-

279 2602 337 2631 lux
353 2602 385 2632 in
403 2603 525 2635 coelam
547 2605 685 2646 relatus,
699 2615 774 2637 cum
798 2605 905 2638 fratre
928 2607 976 2638 vi-

279 2656 349 2683 tam
377 2654 495 2693 partiri
521 2656 687 2687 maluerit.
732 2656 819 2687 Vide
836 2656 972 2697 Apollo-

279 2701 352 2733 dor.
368 2711 422 2734 m.

1029 1761 1118 1792 pres,
1134 1752 1166 1782 in
1190 1752 1312 1793 nugaci
1336 1752 1495 1793 epistola,
1519 1752 1566 1783 ait
1587 1761 1622 1783 se
1646 1753 1726 1785 nihil

1028 1803 1193 1843 adjecisse
1224 1813 1331 1844 neque
1359 1803 1552 1835 diminuisse
1580 1803 1630 1835 rei
1659 1803 1727 1836 for-

1027 1853 1156 1884 mandae
1176 1863 1289 1884 causa.

1069 1908 1091 1923 ¹¹¹
1115 1903 1184 1933 Hos
1198 1912 1230 1933 se
1244 1903 1373 1943 vidisse]
1409 1903 1523 1935 Quos?
1549 1913 1590 1934 an
1608 1903 1727 1936 Casto.

1028 1962 1096 1984 rem
1114 1958 1148 1984 et
1165 1953 1366 1984 Pollucem?
1399 1952 1495 1992 atqui
1509 1953 1640 1994 Trojam
1658 1963 1726 1985 non

1028 2007 1268 2044 pervenerunt,
1282 2003 1395 2044 aitque
1411 2004 1543 2042 ipse,se
1559 2013 1579 2034 a
1594 2004 1727 2035 Darda-

1030 2053 1083 2084 nis
1099 2053 1243 2084 audiisse
1260 2063 1327 2093 qua
1343 2052 1463 2092 facies,
1479 2054 1542 2084 διο.
1586 2054 1726 2086 Lesbios

1031 2103 1132 2143 igitur
1147 2102 1310 2142 intellige.

1073 2158 1088 2173 ¹¹
1111 2152 1140 2184 A
1157 2153 1329 2193 Dardanis]
1364 2152 1431 2185 Qui
1449 2153 1500 2184 vel
1518 2153 1727 2187 Antenorem

1032 2203 1083 2233 vel
1102 2202 1331 2234 Alexandrum
1349 2203 1507 2243 Spartam
1531 2204 1640 2235 secuti
1656 2203 1727 2236 fue-

1030 2257 1109 2284 runt
1131 2253 1272 2284 scilicet.
1318 2252 1393 2283 Nisi
1418 2252 1507 2284 enim
1534 2254 1582 2285 ita
1607 2254 1729 2286 intelli-

1031 2313 1102 2344 gas,
1119 2312 1172 2333 res
1191 2302 1334 2333 absurda
1350 2302 1415 2333 erit
1431 2307 1465 2333 et
1482 2303 1697 2343 perridicula.

1072 2356 1086 2371 ⁰
1108 2352 1199 2383 Alter
1214 2352 1307 2382 alteri
1322 2351 1448 2391 similis]
1487 2352 1615 2385 Nescio
1632 2360 1727 2386 certe

1031 2403 1142 2443 qualia
1156 2402 1365 2443 exemplaria
1378 2407 1515 2434 secutus
1525 2403 1632 2435 Dares
1647 2404 1728 2436 ima-

1032 2454 1126 2494 gines
1157 2453 1237 2484 istas
1267 2453 1485 2493 expresserit.
1531 2454 1597 2485 Sed
1628 2455 1728 2487 valde

1031 2508 1145 2535 metuo
1175 2513 1217 2534 ne
1246 2503 1318 2534 illas
1345 2502 1458 2542 potins
1491 2511 1534 2533 ex
1561 2503 1639 2534 idea
1667 2514 1728 2536 sua

1031 2554 1151 2586 Pictor
1177 2551 1371 2584 efforinarit.
1415 2551 1489 2582 Etsi
1516 2551 1669 2592 quaedam
1692 2554 1727 2584 in

1029 2605 1095 2636 illis
1110 2603 1276 2645 reperias,
1294 2612 1370 2644 quae
1387 2611 1429 2633 ex
1447 2602 1593 2643 antiquis
1609 2608 1728 2636 aucto-

1029 2655 1120 2686 ribus
1136 2653 1249 2695 potuit
1266 2653 1427 2683 hausisse.

1070 2709 1086 2730 Ρ
1112 2704 1244 2744 Corpore
1260 2701 1404 2742 deducto]
1440 2700 1480 2732 Id
1504 2706 1568 2742 est,
1591 2703 1727 2743 gracili;

321 2750 328 2771 ¹
352 2752 455 2784 Dares
469 2754 633 2795 Phrygius
645 2756 697 2796 qui
721 2756 799 2786 hanc
813 2756 973 2787 historiam
1018 2754 1116 2794 suile,
1130 2755 1238 2785 minoe.

279 2801 420 2842 scripsit]
451 2803 541 2836 Quid
555 2805 566 2834 ἐ
602 2814 645 2835 an
661 2806 734 2837 haec
750 2806 817 2837 erit
835 2806 971 2837 Daretis

281 2850 461 2890 Epitome?
505 2854 572 2885 Sed
599 2855 834 2896 supposititius
864 2855 976 2887 Inter-

1069 2811 1084 2831 ⁴¹
1109 2805 1261 2836 Helenam
1283 2802 1412 2834 similem
1434 2802 1513 2843 illis]
1543 2802 1631 2834 Vide
1651 2813 1725 2845 quae

1031 2855 1121 2896 apud
1140 2855 1271 2894 Dictyn
1289 2853 1400 2894 posita
1415 2857 1504 2884 sunt.
