<?xml version="1.0" encoding="UTF-8"?>
<!DOCTYPE html PUBLIC "-//W3C//DTD XHTML 1.0 Transitional//EN"
    "http://www.w3.org/TR/xhtml1/DTD/xhtml1-transitional.dtd">
<html xmlns="http://www.w3.org/1999/xhtml" xml:lang="en" lang="en">
 <head>
  <title>
</title>
<meta http-equiv="Content-Type" content="text/html;charset=utf-8" />
  <meta name='ocr-system' content='tesseract 3.04.00' />
  <meta name='ocr-capabilities' content='ocr_page ocr_carea ocr_par ocr_line ocrx_word'/>
</head>
<body>
  <div class='ocr_page' id='page_1' title='image "./dictyscretensise01dictuoft_0020.png"; bbox 0 0 1915 3231; ppageno 0'>
   <div class='ocr_carea' id='block_1_1' title="bbox 544 623 1596 704">
    <p class='ocr_par' dir='ltr' id='par_1_1' title="bbox 544 623 1596 704">
     <span class='ocr_line' id='line_1_1' title="bbox 544 623 1596 704; baseline 0.01 -26"><span class='ocrx_word' id='word_1_1' title='bbox 544 623 684 679; x_wconf 83' lang='lat' dir='ltr'>DE</span> <span class='ocrx_word' id='word_1_2' title='bbox 752 625 1092 685; x_wconf 86' lang='lat' dir='ltr'>DICTY</span> <span class='ocrx_word' id='word_1_3' title='bbox 1165 629 1596 704; x_wconf 82' lang='lat' dir='ltr'>GRAECO‚</span> 
     </span>
    </p>
   </div>
   <div class='ocr_carea' id='block_1_2' title="bbox 671 821 1471 869">
    <p class='ocr_par' dir='ltr' id='par_1_2' title="bbox 671 821 1471 869">
     <span class='ocr_line' id='line_1_2' title="bbox 671 821 1471 869; baseline 0.008 -6"><span class='ocrx_word' id='word_1_4' title='bbox 671 821 776 864; x_wconf 92' lang='lat' dir='ltr'>EX</span> <span class='ocrx_word' id='word_1_5' title='bbox 824 823 1140 866; x_wconf 90' lang='lat' dir='ltr'>JOANNE</span> <span class='ocrx_word' id='word_1_6' title='bbox 1189 825 1471 869; x_wconf 88' lang='lat' dir='ltr'>VOSSIO</span> 
     </span>
    </p>
   </div>
   <div class='ocr_carea' id='block_1_3' title="bbox 788 937 1363 973">
    <p class='ocr_par' dir='ltr' id='par_1_3' title="bbox 788 937 1363 973">
     <span class='ocr_line' id='line_1_3' title="bbox 788 937 1363 973; baseline 0.007 -6"><span class='ocrx_word' id='word_1_7' title='bbox 788 937 851 968; x_wconf 90' lang='lat' dir='ltr'>DE</span> <span class='ocrx_word' id='word_1_8' title='bbox 875 937 1148 971; x_wconf 88' lang='lat' dir='ltr'>HISTORICIS</span> <span class='ocrx_word' id='word_1_9' title='bbox 1171 939 1363 973; x_wconf 81' lang='lat' dir='ltr'><strong>GRAECIS.</strong></span> 
     </span>
    </p>
   </div>
   <div class='ocr_carea' id='block_1_4' title="bbox 348 1241 1805 2849">
    <p class='ocr_par' dir='ltr' id='par_1_4' title="bbox 348 1241 1804 1711">
     <span class='ocr_line' id='line_1_4' title="bbox 348 1241 1803 1317; baseline 0.001 -16"><span class='ocrx_word' id='word_1_10' title='bbox 348 1241 618 1302; x_wconf 79' lang='lat' dir='ltr'>QUATUOR</span> <span class='ocrx_word' id='word_1_11' title='bbox 649 1261 725 1302; x_wconf 86' lang='lat' dir='ltr'>isti</span> <span class='ocrx_word' id='word_1_12' title='bbox 771 1261 827 1302; x_wconf 91' lang='lat' dir='ltr'>ad</span> <span class='ocrx_word' id='word_1_13' title='bbox 851 1261 1050 1316; x_wconf 88' lang='lat' dir='ltr'>Trojana</span> <span class='ocrx_word' id='word_1_14' title='bbox 1078 1266 1279 1316; x_wconf 89' lang='lat' dir='ltr'>tempora</span> <span class='ocrx_word' id='word_1_15' title='bbox 1309 1262 1563 1313; x_wconf 87' lang='lat' dir='ltr'>referuntur,</span> <span class='ocrx_word' id='word_1_16' title='bbox 1582 1262 1803 1317; x_wconf 79' lang='lat' dir='ltr'><strong>Sisyphus</strong></span> 
     </span>
     <span class='ocr_line' id='line_1_5' title="bbox 349 1325 1802 1384; baseline 0.003 -17"><span class='ocrx_word' id='word_1_17' title='bbox 349 1325 489 1378; x_wconf 91' lang='lat' dir='ltr'>Cons,</span> <span class='ocrx_word' id='word_1_18' title='bbox 529 1328 767 1378; x_wconf 89' lang='lat' dir='ltr'>Corinnus‚</span> <span class='ocrx_word' id='word_1_19' title='bbox 808 1330 952 1370; x_wconf 84' lang='lat' dir='ltr'>Dares</span> <span class='ocrx_word' id='word_1_20' title='bbox 996 1329 1234 1384; x_wconf 86' lang='lat' dir='ltr'>Phrygius,</span> <span class='ocrx_word' id='word_1_21' title='bbox 1271 1335 1313 1371; x_wconf 89' lang='lat' dir='ltr'>et</span> <span class='ocrx_word' id='word_1_22' title='bbox 1363 1331 1522 1384; x_wconf 83' lang='lat' dir='ltr'><strong>Dictys</strong></span> <span class='ocrx_word' id='word_1_23' title='bbox 1563 1330 1802 1372; x_wconf 83' lang='lat' dir='ltr'>Cretensis.</span> 
     </span>
     <span class='ocr_line' id='line_1_6' title="bbox 348 1394 1803 1448; baseline 0.002 -13"><span class='ocrx_word' id='word_1_24' title='bbox 348 1394 571 1448; x_wconf 87' lang='lat' dir='ltr'><strong>Sisyphus</strong></span> <span class='ocrx_word' id='word_1_25' title='bbox 609 1396 746 1447; x_wconf 89' lang='lat' dir='ltr'>Cons,</span> <span class='ocrx_word' id='word_1_26' title='bbox 779 1401 831 1438; x_wconf 87' lang='lat' dir='ltr'>ut</span> <span class='ocrx_word' id='word_1_27' title='bbox 866 1397 1001 1447; x_wconf 85' lang='lat' dir='ltr'>aiunt,</span> <span class='ocrx_word' id='word_1_28' title='bbox 1041 1397 1201 1439; x_wconf 82' lang='lat' dir='ltr'>Teucri</span> <span class='ocrx_word' id='word_1_29' title='bbox 1237 1398 1384 1439; x_wconf 87' lang='lat' dir='ltr'>scriba</span> <span class='ocrx_word' id='word_1_30' title='bbox 1419 1398 1517 1447; x_wconf 86' lang='lat' dir='ltr'>fuit,</span> <span class='ocrx_word' id='word_1_31' title='bbox 1559 1411 1611 1438; x_wconf 91' lang='lat' dir='ltr'>ac</span> <span class='ocrx_word' id='word_1_32' title='bbox 1644 1409 1717 1438; x_wconf 90' lang='lat' dir='ltr'>res</span> <span class='ocrx_word' id='word_1_33' title='bbox 1744 1396 1803 1438; x_wconf 90' lang='lat' dir='ltr'>ad</span> 
     </span>
     <span class='ocr_line' id='line_1_7' title="bbox 349 1461 1803 1518; baseline 0.001 -16"><span class='ocrx_word' id='word_1_34' title='bbox 349 1461 483 1503; x_wconf 92' lang='lat' dir='ltr'>Ilium</span> <span class='ocrx_word' id='word_1_35' title='bbox 513 1470 661 1515; x_wconf 86' lang='lat' dir='ltr'>gestas</span> <span class='ocrx_word' id='word_1_36' title='bbox 699 1463 869 1517; x_wconf 87' lang='lat' dir='ltr'>primus</span> <span class='ocrx_word' id='word_1_37' title='bbox 903 1463 1045 1505; x_wconf 89' lang='lat' dir='ltr'>literis</span> <span class='ocrx_word' id='word_1_38' title='bbox 1078 1464 1378 1518; x_wconf 84' lang='lat' dir='ltr'>consignavit:</span> <span class='ocrx_word' id='word_1_39' title='bbox 1411 1478 1469 1504; x_wconf 84' lang='lat' dir='ltr'>ex</span> <span class='ocrx_word' id='word_1_40' title='bbox 1500 1477 1553 1505; x_wconf 92' lang='lat' dir='ltr'>eo</span> <span class='ocrx_word' id='word_1_41' title='bbox 1579 1468 1726 1505; x_wconf 85' lang='lat' dir='ltr'>autern</span> <span class='ocrx_word' id='word_1_42' title='bbox 1759 1469 1803 1504; x_wconf 85' lang='lat' dir='ltr'>et</span> 
     </span>
     <span class='ocr_line' id='line_1_8' title="bbox 350 1528 1804 1585; baseline 0.001 -16"><span class='ocrx_word' id='word_1_43' title='bbox 350 1528 487 1583; x_wconf 87' lang='lat' dir='ltr'>Dicty</span> <span class='ocrx_word' id='word_1_44' title='bbox 508 1529 721 1580; x_wconf 82' lang='lat' dir='ltr'>Cretensi,</span> <span class='ocrx_word' id='word_1_45' title='bbox 746 1531 971 1572; x_wconf 82' lang='lat' dir='ltr'>Homerus</span> <span class='ocrx_word' id='word_1_46' title='bbox 1003 1531 1149 1573; x_wconf 86' lang='lat' dir='ltr'>hausit</span> <span class='ocrx_word' id='word_1_47' title='bbox 1169 1544 1270 1585; x_wconf 87' lang='lat' dir='ltr'>quae</span> <span class='ocrx_word' id='word_1_48' title='bbox 1301 1531 1488 1582; x_wconf 85' lang='lat' dir='ltr'>cecinit3</span> <span class='ocrx_word' id='word_1_49' title='bbox 1520 1532 1558 1571; x_wconf 90' lang='lat' dir='ltr'>si</span> <span class='ocrx_word' id='word_1_50' title='bbox 1585 1531 1804 1572; x_wconf 90' lang='lat' dir='ltr'>credimus</span> 
     </span>
     <span class='ocr_line' id='line_1_9' title="bbox 348 1594 1804 1652; baseline 0.001 -16"><span class='ocrx_word' id='word_1_51' title='bbox 348 1594 378 1635; x_wconf 87' lang='lat' dir='ltr'><strong>J</strong></span> <span class='ocrx_word' id='word_1_52' title='bbox 382 1597 513 1636; x_wconf 88' lang='lat' dir='ltr'>oanni</span> <span class='ocrx_word' id='word_1_53' title='bbox 541 1597 692 1637; x_wconf 87' lang='lat' dir='ltr'>Meleli</span> <span class='ocrx_word' id='word_1_54' title='bbox 717 1597 1090 1652; x_wconf 81' lang='lat' dir='ltr'>Chronograph03</span> <span class='ocrx_word' id='word_1_55' title='bbox 1122 1612 1179 1640; x_wconf 83' lang='lat' dir='ltr'>ex</span> <span class='ocrx_word' id='word_1_56' title='bbox 1203 1611 1293 1652; x_wconf 92' lang='lat' dir='ltr'>quo</span> <span class='ocrx_word' id='word_1_57' title='bbox 1313 1597 1358 1638; x_wconf 93' lang='lat' dir='ltr'>id</span> <span class='ocrx_word' id='word_1_58' title='bbox 1377 1598 1505 1640; x_wconf 84' lang='lat' dir='ltr'>refert</span> <span class='ocrx_word' id='word_1_59' title='bbox 1525 1598 1555 1639; x_wconf 87' lang='lat' dir='ltr'>J</span> <span class='ocrx_word' id='word_1_60' title='bbox 1560 1598 1804 1639; x_wconf 88' lang='lat' dir='ltr'>oan.Tzet-</span> 
     </span>
     <span class='ocr_line' id='line_1_10' title="bbox 349 1662 882 1711; baseline 0.006 -10"><span class='ocrx_word' id='word_1_61' title='bbox 349 1675 438 1711; x_wconf 89' lang='lat' dir='ltr'>zes,</span> <span class='ocrx_word' id='word_1_62' title='bbox 462 1662 576 1703; x_wconf 87' lang='lat' dir='ltr'>Chil.</span> <span class='ocrx_word' id='word_1_63' title='bbox 600 1675 643 1703; x_wconf 76' lang='lat' dir='ltr'>v,</span> <span class='ocrx_word' id='word_1_64' title='bbox 666 1664 789 1705; x_wconf 84' lang='lat' dir='ltr'>Hist.</span> <span class='ocrx_word' id='word_1_65' title='bbox 809 1664 882 1704; x_wconf 73' lang='lat'>29.</span> 
     </span>
    </p>

    <p class='ocr_par' dir='ltr' id='par_1_5' title="bbox 349 1727 1805 2119">
     <span class='ocr_line' id='line_1_11' title="bbox 405 1727 1803 1783; baseline 0.004 -15"><span class='ocrx_word' id='word_1_66' title='bbox 405 1727 480 1769; x_wconf 91' lang='lat' dir='ltr'>Ab</span> <span class='ocrx_word' id='word_1_67' title='bbox 503 1729 602 1769; x_wconf 87' lang='lat' dir='ltr'>aliis</span> <span class='ocrx_word' id='word_1_68' title='bbox 634 1733 775 1770; x_wconf 91' lang='lat' dir='ltr'>autem</span> <span class='ocrx_word' id='word_1_69' title='bbox 799 1731 967 1783; x_wconf 90' lang='lat' dir='ltr'>primus</span> <span class='ocrx_word' id='word_1_70' title='bbox 990 1730 1154 1771; x_wconf 88' lang='lat' dir='ltr'>dicitur</span> <span class='ocrx_word' id='word_1_71' title='bbox 1176 1730 1410 1780; x_wconf 88' lang='lat' dir='ltr'>Corinnus,</span> <span class='ocrx_word' id='word_1_72' title='bbox 1432 1730 1689 1771; x_wconf 83' lang='lat' dir='ltr'>Palamedis</span> <span class='ocrx_word' id='word_1_73' title='bbox 1711 1731 1803 1773; x_wconf 88' lang='lat' dir='ltr'>dis-</span> 
     </span>
     <span class='ocr_line' id='line_1_12' title="bbox 349 1794 1803 1852; baseline 0.002 -17"><span class='ocrx_word' id='word_1_74' title='bbox 349 1794 542 1848; x_wconf 84' lang='lat' dir='ltr'>cipulus,</span> <span class='ocrx_word' id='word_1_75' title='bbox 567 1797 749 1837; x_wconf 86' lang='lat' dir='ltr'>durante</span> <span class='ocrx_word' id='word_1_76' title='bbox 772 1798 1015 1838; x_wconf 84' lang='lat' dir='ltr'>etiamnum</span> <span class='ocrx_word' id='word_1_77' title='bbox 1039 1799 1154 1839; x_wconf 87' lang='lat' dir='ltr'>bello</span> <span class='ocrx_word' id='word_1_78' title='bbox 1175 1797 1383 1852; x_wconf 89' lang='lat' dir='ltr'>Trojano,</span> <span class='ocrx_word' id='word_1_79' title='bbox 1402 1798 1590 1838; x_wconf 87' lang='lat' dir='ltr'>Iliadem</span> <span class='ocrx_word' id='word_1_80' title='bbox 1610 1798 1803 1838; x_wconf 87' lang='lat' dir='ltr'>carmine</span> 
     </span>
     <span class='ocr_line' id='line_1_13' title="bbox 349 1862 1804 1917; baseline 0.003 -16"><span class='ocrx_word' id='word_1_81' title='bbox 349 1862 618 1912; x_wconf 82' lang='lat' dir='ltr'>modulatus,</span> <span class='ocrx_word' id='word_1_82' title='bbox 652 1868 785 1917; x_wconf 88' lang='lat' dir='ltr'>atque</span> <span class='ocrx_word' id='word_1_83' title='bbox 816 1865 862 1905; x_wconf 91' lang='lat' dir='ltr'>id</span> <span class='ocrx_word' id='word_1_84' title='bbox 894 1864 1035 1905; x_wconf 87' lang='lat' dir='ltr'>literis</span> <span class='ocrx_word' id='word_1_85' title='bbox 1064 1865 1242 1906; x_wconf 90' lang='lat' dir='ltr'>Doricis</span> <span class='ocrx_word' id='word_1_86' title='bbox 1274 1877 1301 1905; x_wconf 87' lang='lat' dir='ltr'>a</span> <span class='ocrx_word' id='word_1_87' title='bbox 1330 1864 1571 1906; x_wconf 84' lang='lat' dir='ltr'>Palamede</span> <span class='ocrx_word' id='word_1_88' title='bbox 1601 1864 1804 1905; x_wconf 86' lang='lat' dir='ltr'>inventis.</span> 
     </span>
     <span class='ocr_line' id='line_1_14' title="bbox 350 1928 1805 1985; baseline 0.003 -17"><span class='ocrx_word' id='word_1_89' title='bbox 350 1928 548 1969; x_wconf 82' lang='lat' dir='ltr'>Dardani</span> <span class='ocrx_word' id='word_1_90' title='bbox 569 1942 745 1983; x_wconf 89' lang='lat' dir='ltr'>quoque</span> <span class='ocrx_word' id='word_1_91' title='bbox 776 1944 967 1984; x_wconf 85' lang='lat' dir='ltr'>pugnam</span> <span class='ocrx_word' id='word_1_92' title='bbox 993 1931 1209 1973; x_wconf 87' lang='lat' dir='ltr'>adversus</span> <span class='ocrx_word' id='word_1_93' title='bbox 1240 1931 1554 1985; x_wconf 85' lang='lat' dir='ltr'>Paphlagonas</span> <span class='ocrx_word' id='word_1_94' title='bbox 1584 1944 1805 1984; x_wconf 87' lang='lat' dir='ltr'>exposue-</span> 
     </span>
     <span class='ocr_line' id='line_1_15' title="bbox 349 1995 1804 2051; baseline 0.003 -17"><span class='ocrx_word' id='word_1_95' title='bbox 349 1995 427 2046; x_wconf 91' lang='lat' dir='ltr'>rit;</span> <span class='ocrx_word' id='word_1_96' title='bbox 460 2009 678 2050; x_wconf 90' lang='lat' dir='ltr'>omneque</span> <span class='ocrx_word' id='word_1_97' title='bbox 699 1997 890 2050; x_wconf 75' lang='lat' dir='ltr'>poeseos</span> <span class='ocrx_word' id='word_1_98' title='bbox 913 2012 1008 2040; x_wconf 76' lang='lat' dir='ltr'>suae</span> <span class='ocrx_word' id='word_1_99' title='bbox 1032 2003 1327 2051; x_wconf 84' lang='lat' dir='ltr'>argumentum</span> <span class='ocrx_word' id='word_1_100' title='bbox 1345 2011 1401 2039; x_wconf 88' lang='lat' dir='ltr'>ex</span> <span class='ocrx_word' id='word_1_101' title='bbox 1415 2011 1469 2038; x_wconf 93' lang='lat' dir='ltr'>eo</span> <span class='ocrx_word' id='word_1_102' title='bbox 1491 1997 1684 2039; x_wconf 86' lang='lat' dir='ltr'>hauserit</span> <span class='ocrx_word' id='word_1_103' title='bbox 1704 1998 1804 2038; x_wconf 91' lang='lat' dir='ltr'>Ho-</span> 
     </span>
     <span class='ocr_line' id='line_1_16' title="bbox 349 2063 1414 2119; baseline 0.002 -17"><span class='ocrx_word' id='word_1_104' title='bbox 349 2074 512 2111; x_wconf 84' lang='lat' dir='ltr'>meruS,</span> <span class='ocrx_word' id='word_1_105' title='bbox 529 2067 575 2103; x_wconf 91' lang='lat' dir='ltr'>ut</span> <span class='ocrx_word' id='word_1_106' title='bbox 596 2064 732 2104; x_wconf 85' lang='lat' dir='ltr'>aiunt.</span> <span class='ocrx_word' id='word_1_107' title='bbox 791 2063 966 2106; x_wconf 81' lang='lat' dir='ltr'>Auctor</span> <span class='ocrx_word' id='word_1_108' title='bbox 982 2066 1146 2107; x_wconf 87' lang='lat' dir='ltr'>Suidas</span> <span class='ocrx_word' id='word_1_109' title='bbox 1168 2066 1211 2106; x_wconf 88' lang='lat' dir='ltr'>in</span> <span class='ocrx_word' id='word_1_110' title='bbox 1234 2063 1414 2119; x_wconf 66' lang='grc' dir='ltr'>Κόρωνος.</span> 
     </span>
    </p>

    <p class='ocr_par' dir='ltr' id='par_1_6' title="bbox 350 2129 1804 2506">
     <span class='ocr_line' id='line_1_17' title="bbox 408 2129 1804 2186; baseline 0.004 -18"><span class='ocrx_word' id='word_1_111' title='bbox 408 2129 552 2169; x_wconf 88' lang='lat' dir='ltr'>Dares</span> <span class='ocrx_word' id='word_1_112' title='bbox 575 2129 811 2183; x_wconf 80' lang='lat' dir='ltr'>Phrygius,</span> <span class='ocrx_word' id='word_1_113' title='bbox 834 2132 1041 2173; x_wconf 84' lang='lat' dir='ltr'>sacerdos</span> <span class='ocrx_word' id='word_1_114' title='bbox 1060 2132 1298 2186; x_wconf 79' lang='lat' dir='ltr'>Trojanus,</span> <span class='ocrx_word' id='word_1_115' title='bbox 1311 2132 1367 2172; x_wconf 88' lang='lat' dir='ltr'>ab</span> <span class='ocrx_word' id='word_1_116' title='bbox 1390 2132 1591 2173; x_wconf 89' lang='lat' dir='ltr'>Homero</span> <span class='ocrx_word' id='word_1_117' title='bbox 1607 2132 1804 2173; x_wconf 83' lang='lat' dir='ltr'>celebra-</span> 
     </span>
     <span class='ocr_line' id='line_1_18' title="bbox 351 2194 1801 2250; baseline 0.004 -16"><span class='ocrx_word' id='word_1_118' title='bbox 351 2199 422 2235; x_wconf 86' lang='lat' dir='ltr'>tur</span> <span class='ocrx_word' id='word_1_119' title='bbox 443 2194 499 2235; x_wconf 92' lang='lat' dir='ltr'>Il.</span> <span class='ocrx_word' id='word_1_120' title='bbox 531 2199 582 2235; x_wconf 88' lang='lat' dir='ltr'>E.</span> <span class='ocrx_word' id='word_1_121' title='bbox 644 2196 754 2250; x_wconf 89' lang='lat' dir='ltr'>Ejus</span> <span class='ocrx_word' id='word_1_122' title='bbox 788 2197 1028 2250; x_wconf 80' lang='lat' dir='ltr'>Phrygiam</span> <span class='ocrx_word' id='word_1_123' title='bbox 1064 2198 1253 2239; x_wconf 91' lang='lat' dir='ltr'>Iliadem</span> <span class='ocrx_word' id='word_1_124' title='bbox 1283 2211 1368 2239; x_wconf 86' lang='lat' dir='ltr'>sua</span> <span class='ocrx_word' id='word_1_125' title='bbox 1401 2200 1639 2239; x_wconf 89' lang='lat' dir='ltr'>etiamnum</span> <span class='ocrx_word' id='word_1_126' title='bbox 1667 2203 1801 2240; x_wconf 77' lang='lat' dir='ltr'>aetate</span> 
     </span>
     <span class='ocr_line' id='line_1_19' title="bbox 350 2263 1803 2317; baseline 0.004 -16"><span class='ocrx_word' id='word_1_127' title='bbox 350 2263 571 2310; x_wconf 85' lang='lat' dir='ltr'>extitisse,</span> <span class='ocrx_word' id='word_1_128' title='bbox 592 2264 656 2303; x_wconf 89' lang='lat' dir='ltr'>ait</span> <span class='ocrx_word' id='word_1_129' title='bbox 676 2264 880 2304; x_wconf 83' lang='lat' dir='ltr'>AElianus</span> <span class='ocrx_word' id='word_1_130' title='bbox 902 2265 978 2305; x_wconf 89' lang='lat' dir='ltr'>lib.</span> <span class='ocrx_word' id='word_1_131' title='bbox 1004 2275 1075 2305; x_wconf 80' lang='lat' dir='ltr'>xl.</span> <span class='ocrx_word' id='word_1_132' title='bbox 1099 2264 1203 2305; x_wconf 90' lang='lat' dir='ltr'>Var.</span> <span class='ocrx_word' id='word_1_133' title='bbox 1230 2265 1353 2306; x_wconf 88' lang='lat' dir='ltr'>Hist.</span> <span class='ocrx_word' id='word_1_134' title='bbox 1375 2277 1476 2317; x_wconf 86' lang='lat' dir='ltr'>cap.</span> <span class='ocrx_word' id='word_1_135' title='bbox 1508 2266 1576 2305; x_wconf 89' lang='grc'>11.</span> <span class='ocrx_word' id='word_1_136' title='bbox 1635 2265 1705 2306; x_wconf 93' lang='lat' dir='ltr'>De</span> <span class='ocrx_word' id='word_1_137' title='bbox 1726 2278 1803 2307; x_wconf 92' lang='lat' dir='ltr'>eo-</span> 
     </span>
     <span class='ocr_line' id='line_1_20' title="bbox 351 2328 1804 2373; baseline 0.003 -5"><span class='ocrx_word' id='word_1_138' title='bbox 351 2328 449 2368; x_wconf 90' lang='lat' dir='ltr'>dem</span> <span class='ocrx_word' id='word_1_139' title='bbox 489 2329 554 2369; x_wconf 87' lang='lat' dir='ltr'>sic</span> <span class='ocrx_word' id='word_1_140' title='bbox 589 2329 776 2370; x_wconf 88' lang='lat' dir='ltr'>Photius</span> <span class='ocrx_word' id='word_1_141' title='bbox 814 2331 1072 2372; x_wconf 87' lang='lat' dir='ltr'>Patriarcha</span> <span class='ocrx_word' id='word_1_142' title='bbox 1106 2331 1148 2371; x_wconf 89' lang='lat' dir='ltr'>in</span> <span class='ocrx_word' id='word_1_143' title='bbox 1182 2331 1395 2372; x_wconf 88' lang='lat' dir='ltr'>Biblioth.</span> <span class='ocrx_word' id='word_1_144' title='bbox 1431 2331 1542 2372; x_wconf 85' lang='lat' dir='ltr'>Cod.</span> <span class='ocrx_word' id='word_1_145' title='bbox 1571 2343 1692 2373; x_wconf 77' lang='lat' dir='ltr'>cxx.</span> <span class='ocrx_word' id='word_1_146' title='bbox 1724 2333 1804 2373; x_wconf 83' lang='lat' dir='ltr'>ubi</span> 
     </span>
     <span class='ocr_line' id='line_1_21' title="bbox 350 2396 1803 2452; baseline 0.003 -17"><span class='ocrx_word' id='word_1_147' title='bbox 350 2401 567 2449; x_wconf 84' lang='lat' dir='ltr'>excerpta</span> <span class='ocrx_word' id='word_1_148' title='bbox 584 2396 711 2437; x_wconf 88' lang='lat' dir='ltr'>affert</span> <span class='ocrx_word' id='word_1_149' title='bbox 734 2410 789 2438; x_wconf 87' lang='lat' dir='ltr'>ex</span> <span class='ocrx_word' id='word_1_150' title='bbox 806 2398 1040 2440; x_wconf 83' lang='lat' dir='ltr'>Ptolemaei</span> <span class='ocrx_word' id='word_1_151' title='bbox 1062 2399 1401 2452; x_wconf 78' lang='lat' dir='ltr'>Hephaestionis</span> <span class='ocrx_word' id='word_1_152' title='bbox 1422 2411 1540 2439; x_wconf 86' lang='lat' dir='ltr'>nova</span> <span class='ocrx_word' id='word_1_153' title='bbox 1556 2399 1613 2440; x_wconf 87' lang='lat' dir='ltr'>ad</span> <span class='ocrx_word' id='word_1_154' title='bbox 1634 2400 1803 2441; x_wconf 89' lang='lat' dir='ltr'>variam</span> 
     </span>
     <span class='ocr_line' id='line_1_22' title="bbox 352 2462 878 2506; baseline 0.006 -4"><span class='ocrx_word' id='word_1_155' title='bbox 352 2462 644 2504; x_wconf 88' lang='lat' dir='ltr'>eruditionem</span> <span class='ocrx_word' id='word_1_156' title='bbox 664 2464 848 2505; x_wconf 88' lang='lat' dir='ltr'>historia</span> <span class='ocrx_word' id='word_1_157' title='bbox 869 2478 878 2506; x_wconf 90' lang='lat'>:</span> 
     </span>
    </p>

    <p class='ocr_par' dir='ltr' id='par_1_7' title="bbox 350 2527 1803 2849">
     <span class='ocr_line' id='line_1_23' title="bbox 406 2527 1803 2586; baseline 0.004 -19"><span class='ocrx_word' id='word_1_158' title='bbox 406 2527 644 2585; x_wconf 76' lang='grc' dir='ltr'><em>Ἀντίπατρος</em></span> <span class='ocrx_word' id='word_1_159' title='bbox 665 2528 706 2569; x_wconf 73' lang='grc' dir='ltr'>δέ</span> <span class='ocrx_word' id='word_1_160' title='bbox 724 2538 833 2579; x_wconf 76' lang='grc' dir='ltr'><em>ᾠησιν</em></span> <span class='ocrx_word' id='word_1_161' title='bbox 854 2533 870 2570; x_wconf 87' lang='grc' dir='ltr'>ὀ</span> <span class='ocrx_word' id='word_1_162' title='bbox 903 2528 1104 2582; x_wconf 75' lang='grc' dir='ltr'><em>Ἀκάνθιος,</em></span> <span class='ocrx_word' id='word_1_163' title='bbox 1127 2531 1286 2586; x_wconf 76' lang='grc' dir='ltr'><em>Δάρητα</em></span> <span class='ocrx_word' id='word_1_164' title='bbox 1309 2531 1376 2586; x_wconf 70' lang='grc' dir='ltr'>πρὸ</span> <span class='ocrx_word' id='word_1_165' title='bbox 1410 2530 1574 2586; x_wconf 64' lang='grc' dir='ltr'>Ὀμήρου</span> <span class='ocrx_word' id='word_1_166' title='bbox 1594 2531 1803 2586; x_wconf 72' lang='grc' dir='ltr'><em>γράψαντα</em></span> 
     </span>
     <span class='ocr_line' id='line_1_24' title="bbox 350 2595 1803 2654; baseline 0.003 -20"><span class='ocrx_word' id='word_1_167' title='bbox 350 2596 412 2644; x_wconf 68' lang='grc' dir='ltr'>τὴν</span> <span class='ocrx_word' id='word_1_168' title='bbox 432 2595 590 2641; x_wconf 72' lang='grc' dir='ltr'>Ἰλιάδα,</span> <span class='ocrx_word' id='word_1_169' title='bbox 621 2599 788 2649; x_wconf 81' lang='grc' dir='ltr'><em>μνήμονα</em></span> <span class='ocrx_word' id='word_1_170' title='bbox 812 2597 980 2653; x_wconf 75' lang='grc' dir='ltr'><em>γενέσθαι</em></span> <span class='ocrx_word' id='word_1_171' title='bbox 1004 2599 1201 2653; x_wconf 69' lang='grc' dir='ltr'>”Εκτορος,</span> <span class='ocrx_word' id='word_1_172' title='bbox 1222 2599 1308 2653; x_wconf 73' lang='grc' dir='ltr'>ὑπὲρ</span> <span class='ocrx_word' id='word_1_173' title='bbox 1329 2602 1391 2638; x_wconf 83' lang='grc' dir='ltr'>τοῦ</span> <span class='ocrx_word' id='word_1_174' title='bbox 1412 2600 1463 2649; x_wconf 82' lang='grc' dir='ltr'>μὴ</span> <span class='ocrx_word' id='word_1_175' title='bbox 1494 2600 1632 2637; x_wconf 75' lang='grc' dir='ltr'>ἀνελεῖν</span> <span class='ocrx_word' id='word_1_176' title='bbox 1662 2601 1803 2654; x_wconf 70' lang='grc' dir='ltr'><em>ἑταῖρον</em></span> 
     </span>
     <span class='ocr_line' id='line_1_25' title="bbox 351 2660 1800 2718; baseline 0.006 -19"><span class='ocrx_word' id='word_1_177' title='bbox 351 2660 577 2714; x_wconf 73' lang='grc' dir='ltr'>Ἀχιλλέως,</span> <span class='ocrx_word' id='word_1_178' title='bbox 608 2667 620 2684; x_wconf 95' lang='lat'>‘</span> <span class='ocrx_word' id='word_1_179' title='bbox 640 2664 881 2718; x_wconf 86' lang='lat' dir='ltr'>Antipater</span> <span class='ocrx_word' id='word_1_180' title='bbox 901 2665 1147 2707; x_wconf 86' lang='lat' dir='ltr'>Acanthius</span> <span class='ocrx_word' id='word_1_181' title='bbox 1181 2666 1324 2716; x_wconf 88' lang='lat' dir='ltr'>refert,</span> <span class='ocrx_word' id='word_1_182' title='bbox 1349 2665 1572 2715; x_wconf 67' lang='lat' dir='ltr'>natatem,</span> <span class='ocrx_word' id='word_1_183' title='bbox 1604 2667 1680 2718; x_wconf 91' lang='lat' dir='ltr'>qui</span> <span class='ocrx_word' id='word_1_184' title='bbox 1702 2671 1800 2707; x_wconf 90' lang='lat' dir='ltr'>ante</span> 
     </span>
     <span class='ocr_line' id='line_1_26' title="bbox 353 2727 1800 2786; baseline 0.005 -19"><span class='ocrx_word' id='word_1_185' title='bbox 353 2727 592 2769; x_wconf 89' lang='lat' dir='ltr'>Homerum</span> <span class='ocrx_word' id='word_1_186' title='bbox 611 2730 794 2772; x_wconf 85' lang='lat' dir='ltr'>Iliadem</span> <span class='ocrx_word' id='word_1_187' title='bbox 817 2733 1102 2786; x_wconf 82' lang='lat' dir='ltr'>conscripsit,</span> <span class='ocrx_word' id='word_1_188' title='bbox 1129 2733 1388 2772; x_wconf 88' lang='lat' dir='ltr'>monitorem</span> <span class='ocrx_word' id='word_1_189' title='bbox 1412 2732 1548 2773; x_wconf 85' lang='lat' dir='ltr'>fuisse</span> <span class='ocrx_word' id='word_1_190' title='bbox 1571 2732 1800 2784; x_wconf 87' lang='lat' dir='ltr'>Hectoris,</span> 
     </span>
     <span class='ocr_line' id='line_1_27' title="bbox 353 2797 1447 2849; baseline 0.006 -16"><span class='ocrx_word' id='word_1_191' title='bbox 353 2799 665 2849; x_wconf 87' lang='lat' dir='ltr'>auctoremque</span> <span class='ocrx_word' id='word_1_192' title='bbox 686 2811 740 2838; x_wconf 91' lang='lat' dir='ltr'>nc</span> <span class='ocrx_word' id='word_1_193' title='bbox 760 2797 947 2840; x_wconf 88' lang='lat' dir='ltr'>Achillis</span> <span class='ocrx_word' id='word_1_194' title='bbox 967 2801 1135 2841; x_wconf 87' lang='lat' dir='ltr'>socium</span> <span class='ocrx_word' id='word_1_195' title='bbox 1152 2798 1447 2841; x_wconf 84' lang='lat' dir='ltr'>interimeret.’</span> 
     </span>
    </p>
   </div>
  </div>
 </body>
</html>
