1915 3231
276 326 362 367 276
744 334 956 365 nicrYos
990 334 1262 365 CRETENsts

279 429 388 470 riam
420 429 653 482 navigaret.
715 427 804 469 Sed
831 432 1066 482 postquam
1103 427 1316 469 devenere
1348 427 1403 469 ad
1432 441 1528 469 eum
1562 428 1724 477 locum,

278 496 500 550 paulisper
531 496 751 538 occultato
785 494 967 549 Ulysse,
1002 496 1078 536 ubi
1112 493 1458 536 Telemachumh
1497 508 1586 536 rem
1622 508 1724 549 quae

281 563 515 615 parabatur
551 562 785 612 edocuere,
823 562 998 603 domum
1034 562 1090 603 ad
1126 561 1330 613 Ulyssem
1362 561 1475 602 clam
1510 561 1724 601 veniunt:

278 629 357 669 ubi
377 629 517 669 multo
539 629 642 670 vino
664 633 798 682 atque
818 628 959 682 epulis
988 628 1182 681 repletos
1209 627 1303 681 jam
1324 625 1508 681 procosi
1537 627 1725 680 ingressi

276 694 551 738 interficiunt.
634 695 753 736 Dein
804 708 884 748 per
933 695 1157 736 civitatem
1196 694 1403 748 Ulyssem
1443 693 1725 742 adventasse,

277 761 570 814 popularibus
590 762 810 815 cognitum
833 764 924 802 est:
959 774 986 802 a
1004 760 1100 814 quis
1117 766 1131 790 ⁵
1162 761 1344 813 benigne
1379 764 1423 802 et
1453 773 1554 800 cum
1573 759 1725 801 favore

279 832 508 881 exceptus,
530 834 689 870 cuncta
710 842 810 882 quae
833 828 949 868 domi
978 832 1102 880 gesta
1129 832 1250 868 erant
1269 828 1517 880 cognoscit:
1545 827 1724 867 meritos

280 894 407 934 donis
437 901 514 936 aut
546 896 780 950 suppliciis
802 893 961 936 afficit.k
1022 895 1092 935 De
1113 893 1369 947 Penelopa⁶
1392 894 1578 948 ejusque
1598 893 1725 947 pudi-

279 961 398 1010 citia,
427 963 641 1014 praeclara
669 963 803 1003 fama.
863 962 1019 1015 Neque
1044 961 1179 1002 multo
1211 966 1329 1014 post,
1362 961 1568 1014 precibus
1588 965 1723 1013 atque

277 1027 453 1068 hortatu
478 1028 663 1082 Ulyssis,
684 1028 859 1070 Alcinoi
879 1028 969 1069 filia
991 1027 1189 1069 Nausica
1203 1026 1212 1049 ¹
1226 1027 1495 1068 Telemacho
1526 1027 1724 1067 denubit.

278 1091 364 1133 Per
382 1094 498 1135 idem
517 1101 690 1149 tempus
714 1095 996 1145 Idomeneus,
1017 1094 1111 1135 dux
1129 1098 1292 1143 noster,
1322 1093 1440 1147 apud
1462 1092 1641 1134 Cretam
1659 1093 1723 1133 in-

280 1161 441 1209 teriit‚¹¹¹
463 1162 624 1203 tradito
642 1175 720 1216 per
740 1162 1064 1204 successionem
1082 1161 1271 1203 Merioni
1285 1175 1416 1214 regno
1433 1166 1471 1202 :¹¹
1490 1164 1532 1200 et
1547 1159 1723 1208 Laerta,

278 1228 463 1269 triennio
497 1234 731 1283 postquam
761 1229 879 1270 filius
919 1229 1097 1270 domum
1128 1229 1272 1279 rediit,
1309 1228 1440 1270 finem
1471 1229 1572 1270 vitae
1607 1227 1723 1269 fecit.

323 1438 341 1464 5
370 1435 492 1477 Delph.
509 1436 695 1477 quibus.—6
719 1437 846 1478 Delph.
864 1438 1026 1478 Penelope.

934 1543 1075 1576 NOTAE

281 1613 350 1636 sem
368 1614 387 1635 a
402 1604 602 1637 Phaeacibus
626 1607 659 1638 in
684 1608 835 1640 Ithacam
853 1608 976 1641 deduc·

283 1660 367 1694 tum,
383 1654 493 1694 ibique
510 1656 613 1687 solum
631 1658 797 1689 relictum.
812 1658 881 1689 Od.
896 1663 931 1689 T.

1031 1610 1108 1648 isse,
1123 1609 1176 1640 vel
1193 1607 1433 1648 Cassiphonem
1450 1606 1551 1637 filiam
1567 1606 1695 1639 Circes.

1073 1663 1096 1678 ¹¹¹
1119 1658 1210 1698 Apud
1230 1659 1357 1690 Cretum
1369 1656 1507 1696 interiit]
1538 1656 1723 1688 Homerum

324 1703 338 1723 ¹¹
366 1703 428 1734 Ubi
446 1704 672 1746 Telemachum]
705 1707 771 1738 Sed
789 1717 831 1738 ex
850 1708 976 1739 Home·
1031 1710 1332 1752 sequitur-Dictys3
1348 1719 1422 1740 nam
1432 1718 1473 1739 ex
1489 1708 1561 1749 ejus
1570 1708 1726 1749 Odyssea

280 1763 330 1789 ro,
345 1753 566 1786 Telemachus
581 1762 656 1787 erat
673 1757 759 1798 apud
782 1758 976 1789 Menelaum

280 1804 316 1834 in
339 1804 475 1844 Sparta,
495 1814 570 1836 cum
587 1806 726 1846 Ulysses
747 1806 899 1838 Ithacam
921 1816 976 1838 ac·

280 1854 396 1884 cessit.

324 1903 332 1923 ⁵
356 1904 460 1935 Multo
474 1905 545 1936 τὶηο
561 1909 652 1947 atque
667 1908 764 1947 epulis
775 1907 978 1948 repletosjam

277 1954 402 1993 procos]
427 1955 607 1995 Homerus,
626 1956 695 1987 Od.
708 1960 744 1986 Φ.

324 2003 339 2023 ¹<
361 2005 427 2035 Aut
441 2006 599 2045 suppliciis
612 2007 723 2047 afficit]
754 2006 903 2038 Ancillas
916 2007 978 2038 du-

281 2053 410 2084 odecim
427 2059 462 2085 et
479 2055 712 2088 Melambium.
728 2057 829 2088 Hom.
844 2057 911 2090 Od.
926 2062 967 2089 X.

321 2102 329 2123 ¹
354 2103 508 2145 Nausica]
526 2105 746 2137 Scribendum
760 2116 801 2137 ex
816 2107 979 2143 Homero,

280 2153 450 2184 Nausicaa.
483 2155 681 2186 Eustathius
698 2156 832 2196 quidem
848 2156 978 2193 scribit,

280 2202 514 2243 Aristotelem,
540 2205 572 2235 in
599 2205 772 2246 republica
793 2206 977 2237 Ithacensi-

281 2263 351 2290 um,
364 2254 558 2284 Hellanium
574 2255 755 2287 tradidisse
771 2256 977 2288 Telemacho

281 2312 324 2333 ex
357 2304 506 2335 Nausica
529 2305 739 2345 Persepolim
765 2306 915 2345 genitum
938 2306 977 2337 fi-

280 2353 360 2384 lium
385 2352 500 2385 fuisse.
546 2354 612 2385 Sed
632 2355 720 2386 idem
737 2356 840 2386 etiam
857 2356 976 2387 Hesio-

282 2403 316 2433 di
334 2404 443 2434 locnm
461 2402 573 2443 affert,
600 2404 658 2435 nbi
681 2404 863 2445 Polycaste
881 2405 977 2436 Tele-

281 2453 400 2484 macho
421 2463 506 2484 uxor
522 2453 635 2490 datur,
656 2463 698 2484 ex
721 2463 787 2494 qua
809 2453 977 2495 Persepo-

281 2503 342 2534 lis:
376 2502 553 2543 Τηλεμάχῳ
581 2504 607 2534 δ’
629 2503 676 2544 ἄρ’
704 2502 824 2534 ἔτικτεν
846 2501 978 2543 ἐΰζωνος

281 2552 485 2594 Πολυκάστη,
516 2553 673 2595 Νέστορος
698 2553 858 2592 ὁπλοτάτη
884 2553 977 2594 κούρη

282 2603 474 2640 Νηληϊάδαο,
503 2603 702 2643 Περσέπολιν.
747 2605 976 2636 ‘Telemacho

279 2658 391 2683 autem
412 2653 528 2693 genuit
551 2654 668 2694 pulcra
678 2653 874 2694 Polycaste,
888 2654 975 2685 Nes-

282 2703 363 2733 toris
393 2703 574 2734 novissima
595 2703 664 2734 filia
691 2703 860 2742 Neleidae,
895 2704 978 2735 Per.

282 2753 442 2792 seponm:
512 2753 579 2784 Alii
621 2754 730 2794 ipsum
776 2754 975 2795 Persepolin

284 2803 468 2843 Penelopae
499 2808 535 2834 et
557 2803 687 2844 Ulyssis
713 2802 816 2834 filium
847 2804 977 2842 dicunt,

281 2851 583 2894 Telemachumque
601 2853 721 2885 Circen
738 2863 876 2885 uxorem
894 2853 978 2885 dux—

1031 1761 1193 1801 colligere
1214 1765 1278 1799 est,
1304 1759 1523 1790 Idomeneum
1548 1758 1658 1789 Cretae
1676 1758 1726 1789 in-

1032 1811 1184 1842 teriisse:
1210 1810 1257 1841 ita
1274 1808 1416 1840 Diodor.
1431 1817 1481 1838 vr.
1495 1809 1548 1838 15.
1591 1807 1725 1838 Idome-

1030 1869 1128 1891 neum
1146 1865 1180 1890 et
1198 1859 1385 1890 Merionem
1401 1859 1410 1874 ‘
1424 1867 1497 1887 cum
1513 1856 1653 1887 navibus
1667 1866 1725 1887 no·

1029 1910 1166 1949 naginta
1183 1908 1224 1940 ad
1249 1908 1347 1939 Ilium
1374 1917 1448 1938 cnm
1473 1906 1724 1946 Agamemnone

1029 1958 1216 1999 profectos,
1232 1966 1451 1997 rever-sosque
1475 1960 1595 1996 postea
1615 1955 1649 1986 in
1667 1966 1726 1996 pa-

1028 2008 1142 2044 triam,
1159 2007 1247 2038 diem
1266 2017 1360 2038 snum
1377 2005 1514 2043 obiisse,
1526 2005 1724 2037 honorifice-

1029 2067 1093 2099 que
1109 2058 1269 2097 sepultos,
1287 2058 1434 2088 Deorum
1459 2056 1600 2086 honores
1622 2054 1725 2087 fuisse

1030 2110 1215 2138 assecutos.
1250 2106 1378 2137 Horum
1395 2105 1574 2146 sepulchra
1587 2105 1620 2136 in
1633 2104 1726 2136 Gno-

1032 2166 1069 2188 so
1104 2157 1166 2188 hac
1202 2156 1428 2187 ostenduntur
1471 2155 1692 2195 inscriptione
1715 2165 1725 2187 ε

1032 2206 1163 2238 Gnosii
1179 2206 1365 2238 lnonmnm
1379 2214 1618 2237 SEPULCHRUM
1629 2214 1725 2237 Aspr-

1032 2265 1086 2296 οε,
1110 2266 1149 2288 m
1177 2265 1251 2291 Quo
1280 2265 1351 2288 EGo
1375 2257 1527 2287 Memor*
1549 2256 1650 2287 Mom
1666 2256 1725 2287 Fr·

1031 2314 1106 2337 Ltus
1142 2314 1372 2339 PROP1NQUUS
1407 2306 1536 2339 JACEO.
1581 2306 1655 2337 Hos
1686 2311 1725 2337 ut

1030 2356 1161 2387 nobiles
1185 2355 1304 2386 heroes
1330 2356 1509 2387 Cretenses
1535 2355 1651 2387 colunt
1673 2364 1725 2386 sa-

1031 2405 1110 2445 cris,
1138 2405 1172 2437 in
1201 2405 1366 2436 bellorum
1392 2405 1586 2437 discrimine
1608 2415 1725 2437 eorum

1032 2455 1224 2495 praesidium
1237 2455 1454 2486 invocantes?
1490 2455 1556 2486 Sed
1573 2455 1628 2486 alii
1645 2455 1724 2487 Ido-

1032 2515 1187 2536 meneum
1205 2505 1283 2536 alibi
1301 2509 1466 2536 mortuum
1483 2505 1611 2536 dicunt.

1071 2560 1087 2575 ¹¹
1112 2556 1240 2587 Tradite
1263 2565 1319 2596 per
1347 2556 1565 2587 successionem
1586 2556 1725 2587 Illerioni

1028 2605 1138 2645 regno]
1159 2605 1236 2637 Jam
1252 2606 1338 2636 libro
1353 2606 1458 2646 primo
1473 2605 1572 2641 dixit,
1586 2607 1723 2638 Cretam

1028 2654 1213 2685 Idomeneo
1243 2659 1278 2686 et
1309 2655 1454 2686 Merioni
1482 2655 1660 2686 civitatum
1690 2659 1725 2687 et

1030 2709 1195 2736 terrarum
1222 2704 1400 2745 imperium
1416 2704 1610 2737 tradidisse:
1635 2715 1724 2738 nnnc

1030 2755 1230 2786 Idomeneus
1254 2755 1399 2786 moriens
1423 2756 1527 2786 solum
1554 2756 1724 2788 haeredem

1030 2804 1218 2835 Merionem
1242 2805 1413 2846 relinquit.
1457 2805 1544 2837 Vide
1567 2815 1642 2848 quae
1666 2815 1724 2838 no-

1032 2854 1115 2894 tavi,
1131 2853 1170 2884 ad
1189 2863 1212 2885 1.
1231 2857 1258 2885 l.
