1915 3231
240 245 324 286 120
707 259 916 290 nicrvos
951 259 1223 291 cnm-Ensis

239 351 494 391 societatem
525 351 692 395 militiae
723 359 885 395 nostrae
918 355 1131 397 adversus
1166 354 1384 409 'trojanos
1416 357 1686 408 sequeretur.

241 416 422 472 Quippe
444 431 577 471 quem
601 420 696 473 jam
719 420 926 463 Priamus
949 422 1076 463 donis
1097 411 1398 476 amplioribus,
1420 423 1562 476 iisque
1583 433 1688 475 pos-

238 488 312 525 tea
333 485 588 538 duplicatis,
608 486 866 530 fidissimum
889 489 975 530 sibi
996 490 1250 530 retinuerat.
1311 488 1516 530 Omnium
1539 492 1688 529 autem

238 551 451 593 classium
471 566 685 605 numerus,
708 567 837 608 quem
872 568 931 595 ex
964 555 1148 596 diversis
1182 554 1374 596 Graeciae
1404 555 1552 607 regnis
1585 567 1690 595 con·

236 622 423 660 tractum
465 633 602 674 supra
638 623 945 674 exposuimus,
987 625 1079 663 toto
1117 622 1416 676 quinquennio
1461 634 1687 675 praepara-

236 688 310 725 tus
348 686 707 742 instructusque⁷
740 693 822 729 est.
882 689 954 730 Ita
988 702 1088 730 cum
1123 690 1245 730 nulla
1277 689 1371 742 jam
1414 702 1484 729 res
1516 689 1688 742 profec-

235 752 395 793 tionem
426 753 513 793 nisi
545 754 748 795 absentia
776 756 932 795 militis
965 756 1220 805 retardaret,
1244 757 1391 796 cuncti
1422 756 1576 805 duceS,
1599 757 1688 797 vel-

234 820 300 859 uti
331 820 457 872 signo
488 820 611 870 dato,
643 834 729 861 una
760 825 893 874 atque
925 821 1080 862 eodem
1114 828 1310 875 tempore
1341 821 1535 862 Aulida⁸
1580 834 1687 863 con-

234 885 385 926 fluunt.
445 887 555 940 [19.]
588 886 765 928 Interim
793 888 838 928 in
871 888 972 940 ipsa
1000 889 1234 941 navigandi
1266 889 1544 929 festinatione
1560 888 1685 942 'Aga-

232 964 449 1002 memnon,
472 966 600 1006 quem
624 966 652 993 a
674 954 847 994 cunctis
869 966 1010 1006 regem
1035 955 1226 994 omnium
1249 954 1519 996 declaratum
1551 969 1686 1009 supra

234 1017 479 1069 docuimus,
501 1020 674 1072 longius
697 1020 832 1072 paulo
854 1021 910 1061 ab
931 1021 1128 1061 exercitu
1151 1034 1424 1074 progressus,
1451 1022 1564 1062 forte
1583 1035 1687 1063 con-

232 1084 366 1136 spicit
403 1087 520 1127 circa
560 1087 711 1126 lucum
746 1085 931 1127 Dianae¹
965 1093 1217 1141 pascentem
1251 1101 1484 1141 capream3
1523 1089 1686 1142 impru-

231 1149 426 1206 densque
448 1154 692 1206 religionis,
715 1167 815 1207 quae
834 1156 877 1195 in
901 1168 952 1195 eo
969 1155 1073 1196 loco
1096 1160 1204 1204 erat,
1228 1155 1382 1209 jaculo
1406 1155 1643 1208 transfigit:
1659 1161 1685 1178 ¹¹¹

231 1230 372 1272 neque
400 1221 539 1261 multo
560 1225 666 1274 post
687 1223 804 1262 irane
828 1223 1043 1271 coelesti‚¹¹
1074 1236 1130 1263 an
1162 1223 1220 1263 ob
1254 1223 1540 1262 mutationem
1567 1222 1685 1263 aetis

231 1287 492 1339 corporibus
508 1289 796 1341 pertentatis‚⁰
818 1289 916 1329 lues
931 1295 947 1319 P
968 1289 1159 1330 invadit:
1182 1294 1315 1341 atque
1336 1289 1509 1329 interim
1528 1289 1572 1330 in
1590 1289 1684 1330 dies

835 1406 1074 1420 eeeeeeeeeeee

230 1490 263 1521 in
290 1490 478 1532 Deum—8
504 1492 628 1533 Deiph.
657 1493 879 1524 Aulidem-9
904 1493 1026 1534 Deiph.
1058 1493 1249 1530 Quibus,—1
1279 1494 1404 1536 Delph.
1430 1505 1499 1526 eum
1523 1495 1686 1536 quippe.—

887 1612 1026 1643 NOTAE

983 1706 1053 1727 sam
1078 1695 1183 1727 fuisse
1200 1696 1421 1727 mutationem
1440 1696 1551 1736 aerim
1574 1698 1684 1729 credi-

983 1751 1051 1777 tam
1069 1747 1169 1786 vulgo
1185 1747 1267 1777 iram
1286 1747 1474 1778 coelestem.
1524 1747 1580 1778 Sic
1605 1748 1625 1778 1.
1643 1758 1685 1780 ιι.

229 1699 301 1726 tare
320 1695 470 1734 potuerit
487 1700 524 1726 ut
542 1695 674 1726 Graecis
690 1706 787 1736 opem
806 1695 924 1728 ferret.

228 1746 344 1778 Quare
369 1745 504 1775 omniuo
531 1745 685 1777 adducor
713 1752 750 1778 ut
776 1747 926 1786 credam,

228 1794 284 1826 hic
308 1795 493 1825 desiderari
517 1804 639 1826 nomen
663 1797 749 1832 rei-'is
772 1796 926 1827 Sidonio-

229 1853 314 1880 rum,
339 1845 436 1884 cujus
453 1844 522 1874 sive
541 1849 673 1885 patrem
690 1847 762 1876 sive
785 1845 925 1877 fratrem

228 1895 271 1926 ab
295 1894 494 1926 Alexandro
510 1895 728 1927 interfectum
754 1907 857 1936 supra
875 1907 926 1928 re-

226 1945 295 1976 fert
312 1946 445 1986 DictyS.
490 1945 556 1976 Sed
583 1956 697 1977 verum
714 1947 788 1987 ejus
806 1957 928 1977 nomen

227 1996 393 2034 iuvenire,
411 1996 419 2011 ‘
435 1996 498 2026 hoc
515 2005 613 2035 opus,
626 1996 681 2026 hic
699 1997 794 2027 labor
808 1995 885 2028 est.’

270 2044 278 2066 ¹
304 2046 396 2077 Circa
431 2047 532 2076 lucum
561 2046 693 2085 Diance]
738 2046 823 2078 Quae
852 2047 929 2077 reli-

228 2096 323 2135 giose
351 2095 530 2127 colebatur
555 2096 588 2126 iu
613 2095 748 2128 Aulide.
794 2096 846 2126 De
863 2097 927 2127 hoc

226 2146 303 2177 luco
318 2145 437 2176 Dianae
449 2145 673 2184 intelligenda
686 2150 763 2176 sunt
777 2146 844 2176 ista
860 2146 929 2176 Eu-

226 2196 359 2236 ripidis,
375 2196 407 2225 in
421 2195 498 2234 Iph.
518 2194 594 2226 Aul.
632 2194 813 2226 Πολύθυτον
837 2194 868 2226 δὲ
890 2195 927 2225 δι’

225 2244 326 2276 ἄλσος
340 2243 513 2285 Ἀρτέμιδος
528 2244 655 2281 ἤλυθον,
667 2246 731 2275 &c.
751 2245 761 2261 ‘
774 2243 826 2275 Ad
845 2245 927 2275 mui-

227 2300 338 2326 torum
370 2293 614 2325 sacrificiorum
652 2294 763 2324 lucum
806 2294 926 2325 Dianae

225 2344 325 2376 veni.’
371 2344 481 2376 Quem
508 2344 619 2375 locum
646 2344 733 2375 male
757 2344 850 2384 cepit
876 2344 926 2375 in-

225 2399 373 2434 terpres,
388 2393 446 2434 qui
463 2393 569 2424 vertit
594 2397 603 2411 ‘
618 2402 679 2433 per
693 2393 834 2424 nemus!
863 2393 927 2425 At-

225 2445 281 2485 qui
295 2444 320 2474 si
336 2443 367 2474 id
384 2443 545 2474 voluisset
556 2442 713 2483 Euripid.
727 2453 810 2474 sane
823 2445 927 2484 scrip-

226 2495 325 2525 sisset
342 2494 379 2524 δι’
395 2493 525 2524 ἄλσους.
572 2493 742 2524 Nimirum
757 2502 822 2524 non
840 2493 926 2525 vidit

225 2544 262 2575 τὸ
278 2545 325 2575 διὰ
342 2543 463 2574 referri
480 2543 606 2575 debere
623 2543 665 2574 ad
681 2544 808 2580 ἤλυθον,
821 2543 926 2581 διήλυ-

224 2597 289 2626 θον·
315 2594 467 2635 perveni.

266 2651 288 2665 ¹¹²
305 2645 416 2675 Jaculo
431 2643 608 2685 transfigit]
629 2642 737 2676 Addit
753 2644 925 2685 Hyginus,

224 2704 301 2725 eum
318 2695 420 2725 etiam
436 2693 583 2733 superbe
602 2693 634 2724 in
658 2693 805 2725 Dianam
832 2695 925 2725 locu-

224 2749 306 2775 tum.
352 2744 452 2774 Ilium
472 2743 546 2772 vide
564 2741 634 2773 fab.
650 2745 703 2774 98.

266 2797 280 2812 ¹²
307 2792 398 2823 lrane
413 2791 543 2832 coelesti]
584 2792 699 2823 Innuit
714 2801 824 2823 veram
844 2801 922 2824 cau-

982 1796 991 1812 ‘
1005 1796 1150 1827 taedione
1164 1805 1204 1826 an
1221 1795 1459 1826 recordatione
1473 1805 1610 1828 suorum
1625 1797 1683 1828 do-

982 1845 1177 1876 muitionem
1193 1844 1401 1884 cupiebant!

1023 1899 1037 1914 ⁰
1068 1894 1281 1934 Percentatis]
1319 1894 1461 1934 Optime
1490 1904 1582 1926 sane.
1640 1896 1682 1927 Id

981 1950 1044 1984 est,
1068 1955 1176 1986 usque
1206 1946 1248 1976 ad
1276 1946 1396 1977 intima
1424 1947 1575 1978 tentatis.
1626 1948 1683 1979 Sic

981 1994 1071 2034 apud
1089 1995 1185 2035 Virg-
1202 2003 1227 2026 1.
1255 1995 1327 2026 AEn.
1345 1998 1420 2026 506.
1443 1996 1452 2013 ‘
1468 1996 1607 2027 Latonae
1632 2001 1683 2028 ta-

980 2044 1085 2074 citum
1104 2048 1299 2084 pertentant
1317 2044 1442 2084 gaudia
1460 2045 1604 2084 pectus-³

1023 2098 1038 2118 Ρ
1064 2094 1160 2134 Lues]
1183 2094 1310 2134 Pestis,
1327 2104 1344 2124 a
1360 2094 1499 2134 luendo,
1513 2095 1590 2135 quia
1607 2095 1685 2136 luit,

979 2142 1078 2174 solvit
1096 2152 1252 2182 corpora.
1299 2142 1366 2173 Sed
1387 2143 1441 2174 hic
1458 2143 1499 2174 ab
1516 2144 1590 2174 aliis
1613 2154 1683 2175 om·

978 2193 1075 2224 nibus
1102 2193 1231 2224 Noster
1246 2192 1419 2228 dissentit,
1443 2193 1499 2233 qui
1527 2194 1683 2226 scribunt

981 2252 1048 2272 non
1065 2242 1168 2280 luem,
1188 2241 1247 2272 sed
1267 2242 1369 2271 maris
1388 2243 1682 2282 tranquillitatem,

981 2297 1016 2323 et
1033 2291 1166 2322 ἅπλοιαν
1183 2301 1201 2321 a
1219 2292 1325 2322 Diana
1341 2291 1473 2322 Graecis
1490 2288 1684 2324 immissam.

980 2343 1096 2374 Quare
1110 2342 1140 2372 ei
1156 2341 1287 2372 clavum
1304 2341 1401 2371 navis
1417 2350 1486 2371 suae
1502 2341 1682 2381 Agamem·

980 2401 1102 2422 nonem
1126 2399 1346 2423 consecrasse
1372 2390 1457 2420 dicit
1483 2390 1681 2424 callimach.

979 2446 1018 2472 ut
1028 2451 1067 2472 eo
1080 2442 1172 2482 quasi
1186 2440 1370 2472 redimeret
1381 2439 1537 2470 εὔπλοιαν.
1556 2441 1680 2482 Hymn.

980 2490 1013 2521 in
1039 2491 1140 2522 Dian.
1164 2492 1238 2521 229.
1276 2488 1330 2521 Σοὶ
1353 2489 1378 2519 δ’
1393 2489 1594 2527 Ἀγαμέμνων
1615 2495 1679 2528 Πη.

980 2540 1086 2572 δόλιον
1112 2541 1182 2579 νηὸς
1211 2540 1363 2581 σφετέρης
1397 2540 1568 2579 ἐγκάτθετο
1604 2544 1679 2582 νηῷ,

980 2591 1109 2623 Μείλιυν
1124 2590 1269 2631 ἆπλοΐης,
1279 2590 1331 2621 ὅτε
1343 2590 1372 2621 οἶ
1387 2588 1562 2627 κατέδησας
1573 2590 1679 2628 ἀήτας.

979 2645 988 2661 ‘
1003 2643 1080 2674 Tibi
1092 2643 1195 2674 etiam
1209 2642 1441 2681 Agamemnon
1460 2641 1601 2672 Clavum
1618 2651 1679 2672 na-

978 2693 1028 2723 vis
1044 2703 1113 2724 suae
1130 2691 1302 2724 dedicavit
1323 2691 1355 2721 in
1381 2691 1511 2730 templo
1534 2690 1680 2730 Aulidis,

979 2743 1104 2774 Munus
1132 2746 1252 2773 contra
1280 2739 1461 2780 navigandi
1494 2739 1677 2771 difficulta-

979 2798 1060 2830 tem,
1085 2791 1218 2834 quando
1234 2790 1296 2831 ipsi
1313 2788 1492 2821 detinebas
1510 2788 1654 2819 ventos!
