1915 3231
346 237 431 277 240
806 247 1016 277 οιοτγοῑκ,1
1048 246 1322 277 CRE'rENSlS

347 344 423 382 aut
442 353 525 381 non
546 340 690 382 infesti
711 340 814 381 huie
834 354 980 393 regno.
1017 341 1178 383 Nonne
1199 343 1358 394 sponte
1379 338 1604 392 supplices
1619 342 1668 381 ut
1687 339 1796 380 reci-

345 408 472 461 piant
491 420 589 448 eam
608 408 857 461 rogabimus
874 409 892 449 'l
956 408 1061 449 Non
1082 408 1198 448 omni
1221 406 1352 447 modo
1375 405 1701 447 satisfaciemus
1719 406 1796 448 lae-

346 474 411 515 sis
424 474 519 528 jam
541 475 671 516 toties
692 488 770 528 per
787 475 899 515 nos‘?
960 474 1064 515 Non
1083 474 1128 514 in
1148 474 1341 514 futurum
1364 472 1519 513 saltem
1539 472 1795 514 reconcilia-

344 542 489 583 bimus
510 542 618 583 tales
637 542 786 583 viros?
847 541 940 594 Ego
970 541 1149 595 quidem
1181 541 1316 582 abibo
1348 540 1449 581 hinc
1469 539 1566 593 jam
1585 546 1631 580 et
1651 538 1794 580 disce-

346 609 447 650 dam
467 609 652 661 longius,
674 621 819 661 neque
840 607 1111 648 committam
1140 611 1188 648 ut
1216 606 1400 647 ulterius
1432 605 1632 647 intersim
1662 605 1794 646 malis

343 676 517 716 nostris.
558 674 665 715 Fuit
684 679 860 728 tempus
881 687 971 727 quo
990 686 1164 714 manere
1186 673 1229 713 in
1251 674 1334 714 hac
1354 672 1531 714 civitate
1545 671 1795 726 jucundum

345 745 460 791 erat3
491 742 617 791 socii,
638 741 786 790 amici,
808 741 1159 794 propinquorum
1192 740 1334 789 salus,
1357 740 1499 792 patria
1521 738 1710 792 denique
1732 738 1796 778 in-

345 807 532 849 columis
554 808 767 849 attinuere
786 808 831 848 in
851 807 968 847 hunc
990 807 1120 848 diem.
1180 806 1342 847 Contra
1362 820 1477 848 nunc
1505 805 1610 860 quid
1638 805 1794 846 horum

345 887 437 916 non
457 875 745 920 imminutum,
765 877 843 915 aut
862 875 905 914 in
926 877 1067 914 totum
1088 874 1304 914 sublatum
1324 875 1450 915 nobis
1471 874 1570 914 est?
1605 872 1707 914 Non
1730 872 1795 913 fe-

346 954 438 982 ram
460 955 529 982 me
550 954 650 983 cum
671 941 740 981 his
762 941 935 989 morari,
956 953 1139 993 quorum
1164 952 1297 992 opera
1317 945 1477 981 cuncta
1491 944 1507 962 2
1528 953 1628 981 cum
1655 940 1801 992 patria

348 1008 597 1049 concidere.
677 1007 735 1048 Et
762 1020 840 1048 eos
862 1007 1056 1060 quidem,
1078 1019 1190 1060 quos
1220 1007 1263 1046 in
1292 1007 1406 1047 bello
1430 1006 1605 1047 fortuna
1624 1006 1800 1059 eripuit,

347 1078 586 1126 utcumque
601 1072 618 1095 ¹¹
647 1073 743 1127 Jam
776 1073 1078 1127 sepelivimus,
1107 1072 1449 1114 concedentibus
1482 1073 1594 1114 ultro
1621 1072 1799 1114 veniam

347 1140 577 1182 hostibus:
598 1140 675 1181 sed
692 1145 929 1194 postquam
946 1141 1143 1181 Deorum
1167 1152 1256 1180 arae
1277 1145 1408 1193 atque
1425 1139 1606 1180 delubra
1626 1139 1803 1191 sangui-

347 1220 403 1248 ne
422 1207 610 1248 humano
630 1220 707 1260 per
735 1207 886 1248 scelus
911 1206 1074 1248 infecta
1102 1205 1224 1256 sunt,i
1253 1207 1338 1247 hoc
1361 1207 1497 1247 etiam
1519 1206 1746 1247 amisimus
1763 1203 1799 1247 :k

349 1275 514 1329 quippe
537 1274 697 1327 quibus
727 1273 898 1327 majora
918 1270 1163 1327 supplicia¹
1193 1276 1296 1326 post
1322 1278 1506 1314 mortem
1546 1272 1803 1314 carissimo-

347 1354 442 1381 rum
465 1353 600 1394 quam
619 1340 662 1380 in
681 1341 783 1394 ipsa
802 1341 1042 1382 amissione
1065 1341 1298 1382 subeunda
1317 1344 1430 1381 sunt.
1473 1339 1588 1390 Quae
1607 1352 1663 1380 ne
1684 1340 1802 1380 acci-

348 1407 468 1457 dant,
489 1421 605 1449 nunc
627 1409 784 1449 saltem
814 1408 1057 1461 providete.
1115 1405 1241 1449 Auro
1262 1412 1395 1462 atque
1426 1407 1679 1461 hujusmodi
1701 1407 1802 1448 aliis

348 1474 544 1526 praemiis
582 1473 834 1515 redimenda
873 1474 1019 1527 patria
1056 1478 1137 1516 est.
1206 1474 1366 1516 Multae
1407 1475 1451 1515 in
1502 1474 1584 1515 hac
1624 1474 1803 1515 civitate

349 1539 462 1581 dites
482 1539 663 1590 domus3
703 1540 860 1593 singuli
883 1553 963 1594 pro
982 1540 1271 1582 facultatibus
1301 1542 1345 1582 in
1376 1542 1568 1582 medium
1600 1541 1804 1583 consula-

348 1619 459 1646 mus.
519 1606 750 1648 Postremo
783 1607 985 1649 offeratur
1015 1620 1097 1661 pro
1124 1608 1216 1649 vita
1235 1608 1453 1658 hostibus,
1474 1607 1591 1661 quod
1610 1620 1719 1648 mox
1739 1607 1805 1647 in·

349 1674 479 1714 teritu
507 1678 656 1714 nostro
685 1674 882 1726 ipsorum
908 1674 1106 1715 futurum
1130 1678 1215 1716 est.
1274 1674 1558 1727 Templorum
1591 1674 1740 1723 etiam,
1763 1673 1801 1713 si

349 1752 528 1780 neccsse
555 1740 650 1790 erit,
686 1741 952 1781 ornamentis
973 1754 1054 1794 pro
1082 1741 1381 1782 incolumitate
1408 1741 1564 1794 patriae
1593 1739 1801 1781 utendum

349 1808 429 1846 est.
487 1806 622 1847 Solus
643 1819 746 1847 suas
769 1819 879 1859 opes
904 1807 1021 1848 intus
1049 1807 1274 1848 custodiat
1295 1807 1517 1858 Priamus,
1539 1807 1663 1848 solus
1685 1806 1800 1848 divi-

349 1872 437 1912 tias
456 1873 650 1926 potiores
681 1874 854 1915 civibus
882 1873 975 1914 suis
1002 1877 1176 1915 teneat:
1218 1874 1287 1914 his
1307 1875 1436 1915 etiam
1460 1887 1559 1927 quae
1582 1886 1681 1915 eum
1704 1872 1801 1914 He-

349 1938 448 1978 lena
464 1943 594 1992 rapta
610 1944 715 1980 sunt
734 1940 926 1988 incubet,
939 1939 1168 1992 videatque
1186 1953 1313 1992 quem
1333 1940 1389 1981 ad
1411 1940 1573 1981 finemm
1591 1939 1800 1981 utendum

350 2007 476 2057 putet
496 2005 651 2059 patriae
666 2005 1009 2047 calamitatibus.
1044 2005 1145 2046 Nos
1159 2006 1263 2047 victi
1274 2006 1367 2060 jam
1383 2019 1536 2047 sumus
1551 2006 1684 2047 malis
1698 2018 1801 2048 nos-

351 2071 450 2113 tris.
481 2072 561 2124 [3.]
581 2072 695 2113 Haec
717 2076 847 2126 atque
861 2071 950 2113 alia
970 2084 1072 2112 eum
1083 2072 1289 2126 lacrymis
1304 2072 1543 2115 disserente
1563 2085 1633 2123 eo,
1649 2072 1798 2114 cuncti

956 2199 1092 2212 ‘OOOm
1094 2200 1191 2212 00000

350 2286 474 2318 his.-2
497 2285 625 2318 Inserit
640 2285 767 2327 Delph.
785 2285 862 2317 mihi
879 2290 955 2327 post
968 2290 1153 2319 cunam—3
1179 2288 1302 2328 Delplr.
1319 2291 1353 2320 et
1369 2288 1470 2329 vulgo
1486 2288 1630 2330 abnuere,
1645 2289 1717 2321 sine
1732 2288 1799 2321 vir-

1000 2402 1143 2436 NOTAE

391 2475 405 2496 ²¹
433 2474 619 2515 Utcumque]
637 2475 756 2507 Potius
773 2476 932 2516 sentitur,
949 2485 1047 2518 quam
1142 2475 1157 2497 k
1180 2476 1252 2507 Hoc
1275 2476 1370 2507 etiam
1397 2476 1570 2517 amisimus]
1594 2477 1644 2508 Ut
1667 2476 1799 2510 scilicet

350 2526 555 2565 exprimitur
582 2526 631 2556 vis
655 2526 756 2565 hujus
779 2526 944 2558 adverbii.
986 2527 1048 2559 Est
1100 2526 1294 2557 carissimos
1310 2530 1444 2558 nostros
1461 2526 1675 2567 sepeliamus.
1718 2526 1798 2559 Hoc

350 2576 359 2592 ‘
371 2574 631 2616 quoquomodo.'
667 2575 801 2606 Gallice
818 2577 864 2607 ita
880 2577 1048 2618 exprime·
1101 2576 1183 2607 satis
1198 2575 1391 2606 obscurum.

352 2636 435 2661 rem,
454 2628 472 2655 ὰ
490 2627 520 2656 la
536 2626 632 2656 bonne
647 2626 740 2657 heure
753 2628 818 2657 cela
830 2628 961 2665 estsait.
1142 2625 1150 2646 ¹
1181 2626 1308 2663 Mnjora
1343 2624 1511 2665 supplicia]
1551 2625 1622 2665 Ait,
1660 2626 1797 2667 gravius

398 2674 405 2694 l
424 2675 546 2711 Infecta
568 2675 654 2714 sunt]
676 2675 716 2705 Id
739 2680 806 2714 est,
828 2677 935 2708 tincta
957 2681 1046 2708 sunt.
1100 2676 1207 2707 multo
1224 2684 1297 2705 esse
1314 2675 1469 2705 amissum
1484 2674 1587 2706 filium
1603 2675 1798 2707 suuminse-

353 2724 397 2753 Et
415 2724 476 2754 hoc
493 2724 589 2763 dicit,
606 2727 747 2763 propter
776 2724 940 2759 Achillem
961 2727 1048 2759 occi·
1103 2724 1234 2765 pultum
1256 2723 1385 2763 videre,
1398 2733 1497 2764 quam
1513 2733 1590 2755 eum
1606 2724 1776 2756 amittere.

351 2782 435 2814 sum,
453 2773 485 2804 in
504 2774 631 2814 templo
648 2773 675 2805 Α
682 2774 827 2815 pollinis.
1148 2779 1169 2795 ¹¹¹
1196 2774 1296 2810 Quem
1311 2773 1473 2815 adfinem]
1495 2773 1566 2805 Pro
1581 2774 1590 2791 ⁴
1603 2773 1799 2816 quousque!
