1915 3231
276 300 333 341 33
619 307 728 338 JAc.
761 304 1017 337 PERlZONll
1053 301 1384 334 DISSERTATIO

277 413 368 447 tum
391 403 648 446 Memnonis
679 402 840 444 collum
873 399 1005 440 hasta
1031 398 1275 452 trajecisse,
1306 400 1353 436 et
1385 394 1448 435 ita
1477 405 1579 435 eum
1610 391 1728 433 occi·

277 475 426 515 disse:
457 472 570 513 Eum
600 472 751 525 ipsum
773 468 874 509 dein
902 466 1065 508 vicisse
1088 465 1233 505 denuo
1254 461 1487 515 Trojanos,
1507 464 1549 501 et
1570 463 1728 512 captos

277 541 445 582 Priami
480 539 612 589 filios,
650 537 847 579 Troilum
879 539 924 576 et
964 534 1231 588 Lycaonem,
1259 529 1506 584 jugulasse:
1538 523 1749 580 denique

278 622 376 650 cum
397 607 586 648 induciae
616 609 763 646 essent
792 604 971 656 propter
1001 600 1183 641 solenne
1215 596 1470 651 Thymbraei
1487 593 1731 648 Apollinis,

279 680 323 716 et
342 675 399 716 ab
421 675 616 727 utrisque
638 684 771 713 sacra
789 670 942 711 fierent
961 669 1004 709 in
1034 668 1129 721 ejus
1159 666 1262 706 luco
1293 668 1416 704 extra
1437 663 1584 711 Ilium,
1605 661 1731 701 Pria-

278 755 397 783 mum
434 741 609 781 misisse
640 740 812 780 Idaeum
845 737 902 778 ad
933 735 1157 777 Achillem
1195 734 1249 774 de
1278 732 1512 786 Polyxena
1539 730 1627 784 ipsi
1658 728 1732 770 de-

281 807 555 861 spondenda‚
568 806 787 848 Achillem
810 816 914 845 vero
928 802 1169 856 separatim
1188 814 1287 842 cum
1305 799 1429 841 Idaeo
1447 799 1733 842 collocutum,

278 876 410 930 idque
432 875 617 916 Graecos
636 873 816 926 sequius
840 871 1095 923 accepisse:
1128 869 1241 910 Mox
1258 867 1506 909 accessisse
1527 865 1733 906 Paridem

280 947 323 983 et
354 942 650 995 Deiphobum,
679 952 868 993 quorum
901 937 978 978 ille
999 935 1232 985 Achillem,
1264 947 1392 989 quem
1422 934 1496 975 hic
1527 946 1606 986 per
1635 946 1735 987 spe-

280 1010 393 1050 ciem
417 1009 625 1049 amicitiae
664 1007 926 1060 complexus
946 1005 1141 1053 tenebat,
1163 1003 1277 1057 apud
1310 1016 1429 1044 aram
1461 1002 1607 1054 gladio
1629 1015 1736 1043 con-

281 1075 466 1116 foderit:
500 1087 587 1127 quo
616 1074 738 1114 facto
770 1072 872 1112 illos
904 1071 994 1111 alia
1018 1071 1107 1119 via,
1130 1082 1262 1123 quam
1284 1083 1374 1123 qua
1394 1073 1613 1117 venerant,
1634 1068 1736 1109 luco

282 1154 496 1194 egreSSOS,
530 1154 657 1181 cursu
687 1138 966 1181 contendisse
1001 1137 1163 1179 Ilium:
1194 1135 1381 1190 Ajacem
1413 1149 1520 1178 vero
1553 1136 1737 1176 Diome-

286 1209 389 1249 dem
421 1213 462 1249 et
485 1208 716 1261 Ulyssem,
745 1207 823 1260 qui
850 1209 977 1246 extra
1008 1203 1158 1245 lucum
1187 1204 1484 1256 expectabant
1502 1202 1740 1253 Achillem,

285 1289 382 1316 cum
425 1289 480 1316 eo
507 1275 665 1324 acturi,
698 1287 796 1315 cum
828 1273 933 1313 illos
975 1271 1250 1324 aufugientes
1280 1284 1338 1311 ex
1372 1271 1474 1312 luco
1509 1271 1738 1319 vidissent,

285 1343 545 1392 accurrisse,
586 1345 632 1382 et
659 1341 888 1381 invenisse
924 1339 1024 1380 istic
1060 1338 1284 1380 Achillem
1312 1339 1508 1380 letaliter
1542 1339 1740 1380 vulnera-

285 1415 402 1451 tum:
434 1409 606 1450 dixisse
640 1414 743 1449 tunc
779 1406 978 1461 Ajacem,
1011 1406 1146 1447 ‘Fuit
1174 1406 1478 1448 confirmatum
1510 1419 1563 1448 ac
1593 1419 1741 1447 verum

286 1490 363 1530 per
392 1478 617 1527 mortales,
649 1476 816 1517 nullum
847 1474 1076 1515 hominum
1106 1474 1312 1524 existere,
1333 1474 1410 1527 qui
1442 1480 1485 1515 te
1521 1486 1628 1514 vera
1655 1474 1742 1514 vir·

288 1549 384 1585 tute
406 1549 648 1598 superaret,
670 1543 751 1584 sed
781 1542 845 1583 uti
876 1542 1024 1595 palam
1047 1544 1130 1590 est,
1163 1545 1243 1581 tua
1272 1544 1314 1581 te
1336 1541 1589 1582 inconsulta
1607 1543 1742 1581 teine-

288 1611 394 1652 ritas
426 1609 651 1665 prodidit?
706 1608 812 1658 Vel,
848 1608 886 1648 si
920 1607 1142 1648 malumus
1175 1607 1274 1649 haec
1310 1606 1469 1649 Graece
1502 1608 1643 1658 legere
1685 1621 1743 1648 ex

292 1677 473 1728 Malela,
493 1678 573 1717 ³Hv
604 1677 679 1731 ἄρα
711 1674 867 1724 ἀληθῶς,
890 1672 992 1722 ὅστις
1026 1673 1218 1731 ἀνθρώπων
1238 1675 1458 1725 (dicuntur
1486 1675 1584 1717 haec
1614 1676 1744 1729 quasi

291 1758 371 1799 per
389 1745 793 1796 interrogationem,
815 1745 828 1763 ‘
843 1741 947 1783 Fuit
967 1755 1069 1794 ergo
1091 1754 1189 1783 vere
1204 1742 1364 1795 aliquis
1383 1741 1623 1792 hominum,
1638 1743 1744 1796 qui,’

291 1814 369 1853 δίο.
386 1812 424 1863 Τ)
454 1810 604 1861 ἠδύνατο
634 1808 773 1850 κτεῖναί
794 1825 837 1848 σε
858 1810 961 1863 ἀλκῇ
983 1807 1199 1865 διαφέροντα
1219 1807 1388 1861 πάντων;
1417 1808 1529 1848 Ἀλλ’
1548 1813 1567 1858 ἡ
1589 1811 1635 1859 σὴ
1657 1825 1746 1863 προ-

292 1878 420 1920 πέτεια
450 1874 627 1918 ἀπώλεο-ε’
655 1891 722 1917 cs:
783 1875 1104 1929 Respondente
1135 1875 1330 1926 Achille,
1368 1883 1379 1898 ‘
1397 1877 1499 1918 dolo
1519 1890 1588 1918 me
1610 1881 1744 1930 atque

294 1945 469 1988 insidiis
492 1944 760 1997 Deiphobus
796 1946 928 1996 atque
951 1941 1203 1983 Alexander
1227 1943 1473 1998 Polyxenae
1495 1945 1633 1997 gratia
1663 1945 1747 1985 cir-

295 2011 582 2055 cumvenere?
605 2007 716 2064 Δόλῳ
733 2009 956 2064 εἷργάσαντό
971 2026 1018 2061 με
1031 2009 1150 2066 Πάρις
1167 2010 1230 2050 καὶ
1247 2010 1436 2063 Δηΐφοβος
1451 2012 1511 2052 διαὶ
1526 2010 1747 2061 Πολυξένην.

299 2080 412 2130 Quae
455 2077 636 2118 Malelae
666 2078 802 2118 verba
833 2083 994 2118 temere
1027 2078 1227 2119 solicitat
1256 2079 1355 2133 ejus
1384 2080 1541 2130 editor,
1571 2081 1747 2134 legens:

297 2146 416 2186 Δόλον
443 2140 669 2199 εἰργάσαντό
693 2161 753 2195 με.
813 2144 931 2185 Nam
962 2145 1113 2186 eadem
1134 2147 1265 2198 plane
1289 2146 1421 2188 habet
1442 2147 1685 2197 Cedrenus,
1706 2153 1751 2189 et

299 2214 437 2265 magis
461 2212 723 2252 conveniunt
744 2225 842 2252 cum
865 2216 1018 2252 nostro
1040 2212 1275 2265 Septimio.
1335 2213 1584 2256 Posuerunt
1605 2219 1752 2256 autem

298 2281 381 2331 illi,
404 2284 451 2321 ut
470 2279 624 2332 liquet,
646 2276 868 2333 εἰργάσαντο
899 2291 980 2331 pro
1004 2276 1281 2333 ὃιειργοίο-αντο,
1301 2280 1386 2322 hoc
1406 2285 1490 2331 est,
1514 2284 1527 2302 ‘
1548 2282 1752 2323 confece-

300 2352 414 2397 runt,
447 2344 794 2387 interfecerunt?
852 2345 969 2386 Haec
1004 2358 1106 2398 ergo
1136 2347 1284 2387 omnia
1304 2351 1431 2388 tanto
1453 2360 1687 2394 consensu,
1708 2352 1752 2389 et

301 2429 442 2460 rerum
459 2427 486 2455 a
501 2414 724 2455 communi
740 2414 955 2453 sententia
986 2426 1111 2467 saepe
1130 2413 1470 2465 abhorrentium,
1489 2419 1533 2457 et
1551 2416 1752 2470 aliquan-

301 2484 359 2524 do
382 2483 517 2524 etiam
543 2482 736 2534 ipsarum
756 2480 1047 2531 locutionum,
1065 2481 1221 2522 eodem
1241 2494 1416 2535 prorsus
1433 2481 1599 2533 ordine,
1625 2497 1751 2538 repe-

303 2551 388 2592 ries
419 2548 539 2603 apud
564 2548 796 2598 Nostrum,
819 2559 892 2588 111.
923 2552 967 2589 et
998 2559 1063 2589 lv,
1093 2549 1168 2604 qui
1203 2553 1347 2590 tamen
1377 2553 1423 2590 et
1453 2550 1542 2591 alia
1572 2551 1752 2592 minoris

304 2618 441 2671 paulo
472 2615 693 2665 momenti,
715 2628 769 2656 ac
799 2616 942 2656 minus
978 2615 1220 2665 Historica,
1253 2616 1435 2656 subinde
1463 2617 1675 2670 aspergit,
1713 2623 1756 2659 et

304 2685 400 2725 haec
422 2685 520 2736 ipsa
541 2682 799 2736 plerumque
819 2683 1015 2735 pluribus
1044 2683 1273 2736 aliquanto
1295 2682 1442 2724 verbis
1473 2685 1752 2738 exsequitur:

310 2755 356 2790 ct
376 2749 495 2802 apud
514 2749 728 2790 Malelam
750 2751 793 2790 in
815 2749 976 2790 Teucri
994 2749 1246 2790 Telamonii
1264 2750 1516 2791 narratione
1535 2763 1676 2791 rerum
1698 2753 1755 2792 ab

311 2816 487 2857 Achille
518 2817 799 2869 potissimum
837 2821 1058 2869 gestarum
1095 2817 1150 2858 ad
1185 2816 1400 2870 Pyrrhum
1439 2817 1571 2871 hujus
1603 2817 1756 2868 filium,
