1915 3231
690 308 849 338 sanA
881 307 1079 337 TROch.
1577 297 1633 338 71

187 420 384 461 pauper:
416 411 463 448 at
503 407 687 460 Begero,
723 407 916 448 Troicor.
957 407 1028 448 40.
1070 406 1249 447 Hector.
1308 406 1493 448 Scilicet
1527 408 1633 460 quia

188 475 359 515 Hector
397 474 603 527 depictus
631 474 802 524 sedens,
841 474 962 527 apud
986 473 1276 522 Pausaniam,
1297 473 1343 512 in
1373 473 1558 515 Phocic.
1588 479 1634 514 et

186 545 369 594 utraque
391 553 523 580 manu
544 541 706 582 laevum
725 554 840 593 genu
861 552 1063 592 premens
1086 553 1096 580 :
1128 538 1242 579 tristi
1263 538 1497 579 admodum
1518 539 1634 581 facie

184 611 228 647 et
247 606 420 657 lugubri
440 606 609 648 habitu.
669 606 737 648 Sit
758 606 854 655 tibi,
873 606 1117 647 Pausaniae
1140 606 1418 655 auctoritate,
1443 605 1632 655 Hector,

186 672 365 724 Begere,
386 676 568 725 propter
596 685 745 713 arcum
766 677 812 713 et
845 672 1092 725 pharetram
1110 671 1343 726 (Herculis
1366 673 1470 712 olim
1491 670 1634 724 arma)

186 738 292 778 mihi
314 743 430 779 certe
452 738 750 779 Philoctetes:
781 751 911 791 quem
944 751 1124 792 quoque
1159 738 1317 779 eadem
1345 738 1461 779 facie
1493 752 1633 791 nuper

185 805 462 855 exhibebam,
486 805 655 846 Pictur.
677 805 889 858 Loquent.
910 805 979 847 28.
999 805 1111 846 Tab.

481 1015 587 1063 TA
607 1015 833 1063 BULA
902 1014 1331 1064 SECUNDA.

684 1185 798 1228 VII.
860 1184 1138 1227 EUROPA.

723 1296 827 1338 Lm.
850 1308 883 1337 1.
914 1295 1031 1338 CAP.
1049 1298 1093 1338 2.

248 1409 261 1425 ‘
283 1405 452 1449 Omnes
474 1421 530 1449 ex
554 1408 718 1460 origine
738 1408 950 1462 Europae,
972 1421 1072 1462 qnae
1093 1409 1139 1449 in
1160 1421 1216 1449 ea
1235 1408 1380 1449 insula
1403 1420 1574 1449 summa

698 1476 905 1528 religione
926 1475 1114 1516 colitur:

244 1560 476 1611 EUROPAE,
506 1562 725 1614 Agenoris
755 1562 880 1615 Tyrii
902 1561 1022 1612 filiae,
1045 1575 1072 1602 a
1091 1560 1204 1603 Jove
1224 1565 1364 1615 raptae
1387 1565 1431 1602 et
1451 1562 1496 1602 in
1528 1561 1634 1602 Cre-

188 1630 279 1667 tam
301 1627 487 1668 insulam
509 1628 690 1677 delatae,
707 1640 767 1668 ex
790 1628 924 1669 ovid.
947 1639 999 1670 11.
1022 1628 1205 1669 Metam.
1233 1628 1332 1669 875.
1359 1632 1403 1669 et
1434 1639 1478 1668 V.
1510 1628 1633 1669 Fast.

183 1691 282 1733 605.
312 1706 482 1735 necnon
501 1695 707 1744 Horatio,
730 1705 800 1735 ιιι.
824 1693 910 1735 Od.
929 1694 1001 1737 27.
1021 1695 1090 1735 15.
1110 1694 1357 1735 notissima.

243 1759 360 1801 Haec
380 1766 523 1802 autem
543 1761 666 1802 facta
684 1760 994 1814 pulcherrima,
1013 1765 1251 1815 postquam
1280 1761 1428 1813 puella
1447 1759 1635 1813 Angelo,

184 1825 315 1867 Jovis
345 1831 389 1867 et
420 1827 612 1868 Junonis
644 1827 753 1877 filia,
792 1828 1061 1881 pigmentum
1095 1827 1220 1867 matri
1250 1831 1496 1880 surreptum
1531 1828 1636 1868 huic

185 1893 438 1934 obtulisset.
497 1894 788 1945 Scholiastes,
812 1895 869 1935 ad
889 1893 1076 1934 Theocr.
1101 1904 1154 1934 ιι.
1173 1893 1305 1947 Idyll.
1328 1893 1395 1934 12.

241 1959 310 2001 Ea
330 1960 617 2013 postmodum
639 1961 915 2002 Sidoniorum
936 1960 1020 2002 dea
1039 1974 1050 2012 3
1080 1960 1205 2001 cultu
1225 1960 1344 2001 illius
1365 1959 1570 2001 instituto
1591 1962 1637 2002 in

185 2027 394 2068 solatium
416 2026 647 2081 Agenoris,
665 2032 770 2081 post
787 2028 922 2069 filiam
942 2041 969 2069 a
990 2027 1193 2069 Cretensi
1215 2026 1404 2080 quodam
1425 2027 1635 2080 praedone

184 2098 370 2147 raptam.
421 2094 494 2136 Ita
514 2095 753 2144 Lucianus‚
774 2095 827 2135 de
849 2095 952 2136 Dea
973 2095 1117 2148 Syria.

240 2159 379 2214 Apud
401 2160 653 2203 Corinthios
683 2166 843 2212 tamen,
862 2175 941 2216 per
968 2162 1226 2203 Ellotiorum
1256 2161 1384 2211 festa,
1405 2161 1450 2202 in
1471 2173 1637 2215 pompa

185 2227 376 2281 Europae
396 2228 811 2270 circumferebantur
831 2242 952 2270 ossa.
1010 2227 1270 2278 Athenaeus,
1288 2239 1374 2268 XV.
1392 2229 1433 2268 6.

242 2294 423 2335 Interim
457 2294 553 2348 ejus
584 2299 748 2345 vector,
780 2300 934 2338 taurus
965 2295 1090 2351 (aliis
1119 2296 1247 2337 navis
1269 2300 1354 2344 est,
1382 2300 1559 2336 taurum
1588 2294 1635 2334 in

183 2373 338 2414 puppe
378 2361 547 2413 pictum
586 2362 844 2413 ostendens,
879 2366 924 2404 et
958 2375 1046 2403 non
1079 2359 1267 2414 animal)
1295 2362 1407 2402 inter
1446 2361 1635 2402 Zodiaci

186 2427 424 2469 duodecim
459 2428 587 2480 signa
621 2430 831 2470 coelestia
866 2430 1047 2471 relatus.
1124 2428 1345 2482 Hyginus,
1381 2427 1635 2468 Astronom.

187 2493 319 2536 Poet.
342 2505 395 2534 ιι.
426 2493 497 2534 21.
530 2495 714 2544 Seneca,
749 2495 891 2537 Herc.
927 2496 1031 2536 Fur.
1063 2496 1105 2537 3.
1138 2494 1368 2542 ManiliuS‚
1406 2505 1435 2533 1.
1481 2492 1636 2534 Astro-

183 2574 298 2603 nom.

241 2627 479 2680 Europam,
500 2641 524 2668 e
554 2627 834 2669 Sidoniorum
857 2628 1135 2670 Numismate
1164 2626 1231 2682 (in
1251 2639 1341 2679 quo
1363 2625 1527 2678 legunt,
1549 2626 1638 2668 Co-

183 2695 304 2735 lonia
343 2694 527 2735 Aurelia
563 2694 647 2736 Pia
679 2694 949 2749 Metropolis
984 2693 1149 2747 Sidon)
1179 2692 1381 2746 depinxit
1413 2690 1632 2743 Vaillant,

185 2758 339 2800 Colon.
364 2771 416 2801 ιι.
439 2760 536 2801 104.
