1915 3231
251 226 335 268 142
738 233 946 265 Dic‘rYos
979 231 1248 264 cuuTssNsis

251 334 450 379 venerat,
488 343 588 371 cum
622 328 690 369 his
722 342 768 369 se
802 328 1053 382 adjunctum
1076 339 1175 366 esse
1212 322 1462 365 simulabat.
1523 321 1702 363 Interim

251 399 297 439 in
321 410 374 438 eo
396 396 615 437 sacrificio
637 396 908 444 Philocteta,
939 393 1054 434 haud
1079 392 1231 445 procul
1254 392 1308 432 ab
1332 403 1408 433 ara
1435 390 1588 443 templi
1609 389 1705 442 ejus

253 464 435 513 astans:
454 475 596 503 morsu
621 462 831 515 serpentis
852 461 962 502 forte
985 459 1269 510 contingitur:
1308 457 1407 498 dein
1428 457 1483 498 ab
1507 457 1707 497 omnibus

253 532 329 586 qui
361 529 767 578 animadverterant,
804 528 997 569 clamore
1031 525 1220 574 sublato,
1251 524 1440 577 Ulysses
1476 535 1707 564 accurrens

254 601 502 652 serpentem
543 595 779 637 interficit:
825 606 963 647 neque
1002 591 1139 632 multo
1175 595 1281 644 post
1318 591 1572 631 Philocteta
1609 602 1708 630 cum

253 665 427 719 paucis,
450 663 515 703 uti
535 666 770 710 curaretur,
792 662 1003 702 Lemnum
1021 658 1035 682 3
1060 658 1252 699 insulam
1271 658 1485 698 mittitur:
1518 668 1706 709 namque

253 731 297 770 in
331 743 382 771 ea
413 729 529 770 sacri
550 728 740 768 Vulcani
775 727 992 768 antistites
1023 725 1270 765 inhabitare
1302 725 1358 765 ab
1393 723 1562 765 accolis
1593 722 1710 763 dice·

253 799 430 845 bantur,
464 795 583 836 soliti
608 794 768 834 mederi
791 794 1004 834 adversus
1020 797 1038 824 9
1065 804 1231 831 venena.
1257 789 1542 844 hujusmodi.¹¹
1601 787 1709 842 [la]

256 863 346 903 Per
374 863 487 904 idem
511 867 685 914 tempus
710 860 949 900 Diomedes
971 863 1016 900 et
1035 858 1220 912 Ulysses
1243 858 1475 898 consilium
1508 856 1560 897 de
1580 856 1710 896 inter—

866 975 1109 989 eeeeeeeeeeee

257 1045 349 1085 ding.
365 1042 544 1084 legendum
564 1046 672 1083 putat,
699 1045 731 1073 ut
759 1042 885 1082 quisque
910 1041 1048 1082 partium
1070 1043 1274 1072 venerat.-S
1299 1040 1422 1081 Delph.
1443 1040 1477 1071 in
1502 1039 1707 1071 Lemnum.—

910 1146 1052 1179 NOTAE

299 1213 308 1232 ¹
331 1211 429 1242 Haud
452 1211 557 1251 procul
580 1209 618 1241 ab
642 1219 697 1240 ara
718 1209 824 1248 templi
839 1213 957 1248 astans,

256 1272 359 1294 morsu
374 1260 537 1301 serpentis]
556 1260 615 1291 Ait
628 1260 856 1291 Philoctetem
872 1269 958 1290 mor-

256 1323 328 1344 sum
345 1312 448 1343 fuisse
469 1311 571 1351 juxta
595 1320 684 1341 aram
699 1310 838 1350 Chrysae
854 1311 958 1341 Troa-

258 1363 321 1394 «lis.
366 1362 491 1392 Verum
523 1361 578 1390 alii
611 1361 698 1391 hanc
732 1360 893 1398 Chrysam
925 1360 958 1390 in

258 1413 386 1443 Lemno
403 1414 529 1450 ponunt
544 1420 553 1447 ;
570 1414 606 1440 ut
623 1409 790 1449 interpres
807 1408 959 1440 Homeri.

258 1462 326 1492 Alii
353 1470 459 1500 prope
479 1461 661 1490 Lemnum:
686 1458 884 1489 scholiastes
901 1459 959 1488 So-

259 1511 410 1552 phoclis:
437 1509 505 1541 ἔστι
530 1507 562 1539 δὲ
588 1508 638 1539 καὶ
652 1507 743 1539 πόλις
758 1507 864 1548 Χρύση
880 1513 958 1545 πλη-

259 1561 328 1592 σίον
342 1559 472 1599 Λέμνου,
495 1558 567 1590 ἔνθα
582 1558 640 1589 ὑπὸ
654 1559 711 1589 τοῦ
727 1557 818 1597 ὄφεος
833 1557 960 1597 ἐδήχθη,

259 1611 315 1642 τὸν
343 1610 447 1650 βωμὸν
470 1609 581 1650 ζητῶν,
598 1611 631 1640 ἐν
647 1608 669 1649 ᾧ
685 1609 792 1641 ἔθυσεν
805 1610 960 1650 Ἡρακλῆς

260 1660 351 1700 ἡνίκα
378 1660 456 1692 κατὰ
480 1659 588 1700 Τροίας
617 1658 832 1700 ἐστράτευσεν.
871 1660 880 1676 ‘
901 1660 961 1690 Est

262 1711 340 1742 urbs
362 1711 493 1750 Chrysa
517 1719 622 1750 prope
648 1710 834 1747 Lemnum3
858 1709 915 1739 ubi
941 1719 961 1739 a

261 1765 421 1799 serpente
437 1769 563 1790 morsus
578 1763 630 1790 est
642 1759 850 1798 Philocteta,
868 1768 959 1789 aram

261 1818 430 1851 quaerens,
446 1809 501 1839 ubi
515 1808 767 1839 sacrificaverat
781 1808 960 1847 Hercules,

264 1868 339 1890 cum
357 1858 422 1888 iret
438 1858 616 1888 adversum
632 1857 793 1898 Trojam.’
847 1858 959 1888 Philo-

263 1913 390 1939 stratus
406 1908 438 1938 in
456 1908 593 1947 imagin.
611 1907 730 1938 scribit
743 1907 843 1947 juxta
856 1907 961 1946 Chry-

265 1967 311 1988 sae
328 1967 417 1987 aram
435 1957 470 1987 in
494 1957 622 1987 Lemno
645 1957 857 1987 vulneratum
882 1956 962 1986 Phi-

262 2007 437 2041 loctetem,
448 2015 520 2036 eam
535 2014 613 2036 vero
627 2014 718 2036 aram
734 2015 800 2036 non
818 2005 859 2035 ab
873 2005 962 2036 Her-

264 2057 351 2092 cule,
375 2055 433 2086 sed
462 2065 482 2086 a
507 2055 633 2087 Jasoue
657 2056 840 2086 excitatam
865 2055 962 2094 dicit,

264 2115 340 2137 cum
357 2105 498 2137 Colchos
515 2110 689 2145 pergeret.
735 2104 802 2135 Alii
825 2104 857 2134 in
876 2104 963 2135 Naea

263 2155 372 2187 insula
381 2156 471 2187 inter
483 2156 742 2195 Hellespontum
755 2160 789 2186 et
799 2155 960 2185 Lemnum

265 2206 328 2237 hoc
340 2204 466 2236 factum
484 2209 642 2236 narrant:
667 2205 872 2245 Stephanus,
889 2205 963 2235 Sui-

266 2256 339 2296 das,
366 2256 421 2286 alii
438 2255 529 2286 alibi.
572 2256 622 2286 Ut
638 2265 748 2296 neque
766 2265 785 2285 a
801 2260 960 2295 serpente

265 2315 413 2337 morsum
429 2314 543 2336 omnes
570 2304 744 2336 scribunt:
770 2309 847 2335 sunt
872 2305 962 2335 enim

266 2356 324 2396 qui
350 2359 490 2385 nari-ant
515 2364 589 2385 eum
617 2355 751 2394 sagittae
770 2355 865 2385 unius
882 2364 961 2385 casu

266 2406 497 2437 vulneratum:
513 2405 581 2434 vid.
596 2405 691 2435 Serv.
704 2413 759 2435 ιιι.
773 2404 964 2443 AEn.Solu.e‚

267 2455 356 2497 quod
374 2455 488 2486 sciam.
522 2454 725 2485 Theocritus
742 2454 859 2485 scribit
876 2463 962 2485 mor-

269 2516 342 2537 sum
373 2515 392 2536 a
421 2510 579 2545 serpente
615 2505 857 2544 Philoctetam,
887 2515 962 2536 cum

269 2555 560 2595 contemplaretur
581 2555 773 2595 sepulcrum
796 2554 899 2585 Troili
924 2554 965 2585 ab

271 2604 402 2635 Achille
419 2604 519 2634 occisi
536 2615 544 2642 ;
568 2603 657 2644 quod
684 2609 761 2636 erat
786 2604 820 2635 in
838 2605 965 2645 templo

270 2653 436 2693 Apollinis
453 2653 661 2693 Thymbraei.

314 2708 327 2723 ¹¹
344 2703 439 2734 Soliti
455 2703 569 2734 mederi
582 2704 726 2734 adversus
737 2713 852 2734 venena
863 2702 966 2742 hujus-

271 2752 368 2792 modi]
409 2753 565 2785 Eustath.
585 2753 684 2786 Iliad.
701 2758 735 2786 B.
771 2755 884 2792 ᾔδεσαν
905 2753 966 2795 ’γὰρ

1010 1210 1067 1239 τοῦ
1077 1207 1249 1248 Ἡφαίστου
1261 1209 1348 1250 ἱερεῖς
1359 1208 1532 1250 θεραπεύειν
1543 1208 1616 1241 τοὺς
1626 1208 1712 1250 ὄφιυ·

1012 1258 1151 1295 δήκτους.
1176 1259 1186 1276 ‘
1201 1255 1380 1290 Noverant
1394 1259 1482 1290 enim
1495 1260 1638 1290 Vulcani
1655 1269 1713 1290 an-

1014 1308 1140 1339 tistites
1177 1319 1297 1339 sanare
1327 1319 1458 1340 morsus
1488 1309 1712 1350 serpentum!

1011 1359 1079 1390 Sed
1106 1359 1202 1390 istaee
1231 1364 1309 1390 sunt
1334 1359 1470 1390 fabulae.
1517 1360 1642 1391 Verum
1659 1364 1713 1392 est

1013 1419 1053 1440 eo
1070 1409 1220 1440 delatum
1238 1409 1466 1439 Philoctetam
1484 1414 1624 1449 propter
1643 1413 1712 1440 ter-

1013 1468 1083 1490 ram
1118 1459 1304 1498 Lemniam,
1333 1459 1427 1499 cujus
1457 1459 1650 1490 astrictoria
1678 1458 1712 1489 vi

1014 1510 1110 1542 labra
1132 1511 1306 1541 vulnerum
1334 1509 1550 1540 obducuntur
1573 1513 1609 1540 et
1635 1518 1712 1540 coa-

1014 1561 1161 1598 lescunt,
1184 1560 1329 1590 maxime
1346 1560 1380 1589 in
1398 1568 1568 1590 venenoso
1584 1569 1711 1591 morsu.

1014 1610 1179 1644 Galenus,
1196 1619 1271 1640 cum
1292 1610 1325 1640 in
1342 1608 1505 1639 Lemnum
1521 1608 1598 1639 ideo
1618 1608 1712 1639 navi·

1014 1664 1140 1699 gasset,
1165 1664 1201 1688 ut
1226 1658 1323 1699 hujus
1349 1662 1448 1688 terrae
1465 1657 1555 1688 vires
1578 1657 1712 1697 penitus

1014 1713 1248 1747 cognosceret,
1273 1705 1438 1746 quendam
1455 1704 1561 1736 refert
1577 1715 1613 1736 se
1630 1715 1711 1737 con·

1015 1758 1161 1795 venisse,
1177 1757 1232 1796 qui
1250 1755 1297 1786 ἐπὶ
1312 1754 1494 1795 τραυμάτων
1508 1754 1557 1786 καὶ
1572 1754 1713 1786 παλαίων

1014 1807 1064 1838 καὶ
1087 1806 1338 1841 δυσεπουλώτων,
1371 1804 1578 1844 ε’χινοδήκτων
1601 1817 1638 1835 τε
1661 1805 1713 1836 καὶ

1014 1857 1094 1888 ὅλως
1109 1855 1324 1897 θηριοδήκτων,
1341 1855 1390 1886 ε’πὶ
1412 1854 1447 1886 τὲ
1463 1858 1525 1886 τῶν
1539 1856 1714 1894 θανασίμων

1013 1906 1191 1948 φαρμάκων,
1217 1906 1252 1936 οὐ
1277 1905 1432 1945 προδιδοὺς
1453 1904 1558 1946 μόνον,
1575 1906 1660 1938 ἀλλὰ
1675 1918 1713 1938 τε

1014 1957 1065 1989 καὶ
1081 1956 1228 1988 ἐπιδιδοὺς
1243 1957 1357 1996 ἐχρῆτο
1381 1957 1425 1997 τῇ
1450 1958 1607 1997 σφραγῖδι.
1631 1959 1640 1975 ‘
1656 1957 1711 1989 Ad

1015 2008 1154 2038 vulnera
1170 2017 1244 2037 cum
1264 2010 1389 2041 vetera,
1415 2012 1485 2037 tum
1507 2007 1558 2038 vix
1577 2007 1713 2038 cicatri-

1014 2066 1087 2088 cem
1103 2056 1317 2095 obducentia,
1331 2061 1364 2087 et
1377 2056 1418 2086 ad
1430 2065 1559 2087 morsus
1574 2057 1714 2097 viperae,

1016 2107 1169 2148 adeoque
1197 2115 1311 2137 omnes
1329 2115 1516 2137 venenosos
1532 2115 1661 2138 morsus
1677 2111 1715 2139 et

1016 2156 1133 2187 letalia
1156 2165 1296 2191 venena,
1321 2165 1385 2187 non
1411 2157 1516 2187 solum
1541 2166 1603 2197 pro
1626 2157 1713 2188 anti-

1016 2206 1111 2244 doto,
1134 2206 1191 2236 sed
1208 2210 1242 2236 et
1266 2210 1343 2245 post
1366 2215 1528 2237 venenum
1554 2211 1713 2247 sumtum,

1015 2257 1125 2297 sigillo
1152 2256 1337 2288 utebatur.’
1392 2257 1433 2288 Id
1461 2262 1526 2296 est,
1551 2263 1642 2289 terra
1671 2260 1717 2290 si-

1015 2307 1146 2348 gillata,
1163 2308 1233 2338 sive
1256 2307 1405 2338 Lemnia.
1430 2308 1528 2338 Unde
1545 2309 1646 2339 etiam
1664 2309 1715 2339 in-

1015 2358 1097 2388 sulae
1114 2366 1234 2387 nomen
1252 2357 1390 2387 ductum
1416 2356 1534 2387 docuit
1557 2358 1715 2388 doctissi-

1016 2416 1089 2437 mus
1104 2407 1304 2437 Bochartus.
1350 2405 1485 2445 Nempe
1501 2415 1520 2436 a
1536 2406 1714 2438 Phoenicio

1018 2462 1026 2475 ‘
1043 2455 1249 2487 Lam-nasis)
1304 2455 1343 2486 Id
1379 2460 1431 2485 est
1466 2455 1476 2472 ‘
1496 2455 1713 2495 pharmacum

1019 2507 1138 2536 vulnus
1153 2503 1349 2536 obducens!
1393 2504 1467 2535 Nisi
1492 2505 1603 2545 potius
1619 2505 1714 2537 dicta

1019 2555 1152 2586 fuerita
1166 2554 1338 2585 Phoeuicio
1354 2558 1363 2572 ¹
1376 2553 1490 2593 libno,'
1506 2555 1559 2585 vel
1572 2555 1715 2591 ‘lebno‚'

1017 2604 1051 2635 id
1069 2608 1131 2643 est,
1145 2603 1235 2642 alba;
1251 2602 1339 2644 quod
1352 2603 1385 2634 in
1399 2603 1516 2633 insulae
1530 2603 1604 2643 ejus
1617 2608 1713 2643 parte

1020 2655 1164 2696 quadam
1188 2659 1279 2686 terra
1302 2653 1377 2686 alba
1400 2659 1553 2693 eruatur,
1577 2652 1714 2686 effodia-

1021 2709 1087 2738 tur.
