<?xml version="1.0" encoding="UTF-8"?>
<!DOCTYPE html PUBLIC "-//W3C//DTD XHTML 1.0 Transitional//EN"
    "http://www.w3.org/TR/xhtml1/DTD/xhtml1-transitional.dtd">
<html xmlns="http://www.w3.org/1999/xhtml" xml:lang="en" lang="en">
 <head>
  <title>
</title>
<meta http-equiv="Content-Type" content="text/html;charset=utf-8" />
  <meta name='ocr-system' content='tesseract 3.04.00' />
  <meta name='ocr-capabilities' content='ocr_page ocr_carea ocr_par ocr_line ocrx_word'/>
</head>
<body>
  <div class='ocr_page' id='page_1' title='image "./dictyscretensise01dictuoft_0033.png"; bbox 0 0 1915 3231; ppageno 0'>
   <div class='ocr_carea' id='block_1_1' title="bbox 563 284 1678 340">
    <p class='ocr_par' dir='ltr' id='par_1_1' title="bbox 563 284 1678 340">
     <span class='ocr_line' id='line_1_1' title="bbox 563 284 1678 340; baseline -0.003 -14"><span class='ocrx_word' id='word_1_1' title='bbox 563 296 624 326; x_wconf 70' lang='grc' dir='ltr'><strong>ΒΕ</strong></span> <span class='ocrx_word' id='word_1_2' title='bbox 659 295 896 326; x_wconf 72' lang='lat' dir='ltr'><strong>Hts&#39;romA</strong></span> <span class='ocrx_word' id='word_1_3' title='bbox 925 294 1075 340; x_wconf 31' lang='lat' dir='ltr'><strong>&#39;nuum</strong></span> <span class='ocrx_word' id='word_1_4' title='bbox 1112 294 1343 325; x_wconf 52' lang='grc' dir='ltr'><strong>τηουγη.</strong></span> <span class='ocrx_word' id='word_1_5' title='bbox 1623 284 1678 324; x_wconf 73' lang='lat'><strong>25</strong></span> 
     </span>
    </p>
   </div>
   <div class='ocr_carea' id='block_1_2' title="bbox 193 390 1677 2666">
    <p class='ocr_par' dir='ltr' id='par_1_2' title="bbox 207 390 1677 1523">
     <span class='ocr_line' id='line_1_2' title="bbox 223 390 1677 444; baseline -0.002 -9"><span class='ocrx_word' id='word_1_6' title='bbox 223 393 508 437; x_wconf 72' lang='lat' dir='ltr'><strong>occasionem·</strong></span> <span class='ocrx_word' id='word_1_7' title='bbox 539 390 780 444; x_wconf 80' lang='lat' dir='ltr'><strong>arripuisse</strong></span> <span class='ocrx_word' id='word_1_8' title='bbox 817 390 992 431; x_wconf 87' lang='lat' dir='ltr'><strong>videtur</strong></span> <span class='ocrx_word' id='word_1_9' title='bbox 1026 390 1115 439; x_wconf 88' lang='lat' dir='ltr'><strong>ille,</strong></span> <span class='ocrx_word' id='word_1_10' title='bbox 1152 402 1229 430; x_wconf 89' lang='lat' dir='ltr'><strong>seu</strong></span> <span class='ocrx_word' id='word_1_11' title='bbox 1264 390 1442 440; x_wconf 84' lang='lat' dir='ltr'><strong>Praxis,</strong></span> <span class='ocrx_word' id='word_1_12' title='bbox 1475 404 1551 431; x_wconf 87' lang='lat' dir='ltr'><strong>scu</strong></span> <span class='ocrx_word' id='word_1_13' title='bbox 1590 391 1677 433; x_wconf 87' lang='lat' dir='ltr'><strong>Eu·</strong></span> 
     </span>
     <span class='ocr_line' id='line_1_3' title="bbox 221 456 1675 515; baseline -0.001 -13"><span class='ocrx_word' id='word_1_14' title='bbox 221 460 449 515; x_wconf 83' lang='lat' dir='ltr'><strong>praxides,</strong></span> <span class='ocrx_word' id='word_1_15' title='bbox 470 459 646 500; x_wconf 89' lang='lat' dir='ltr'><strong>libellos</strong></span> <span class='ocrx_word' id='word_1_16' title='bbox 679 458 813 499; x_wconf 90' lang='lat' dir='ltr'><strong>hosce</strong></span> <span class='ocrx_word' id='word_1_17' title='bbox 838 456 1131 509; x_wconf 86' lang='lat' dir='ltr'><strong>confingendi,</strong></span> <span class='ocrx_word' id='word_1_18' title='bbox 1155 462 1199 499; x_wconf 90' lang='lat' dir='ltr'><strong>et</strong></span> <span class='ocrx_word' id='word_1_19' title='bbox 1221 458 1351 511; x_wconf 88' lang='lat' dir='ltr'><strong>quasi</strong></span> <span class='ocrx_word' id='word_1_20' title='bbox 1382 470 1439 498; x_wconf 88' lang='lat' dir='ltr'><strong>ex</strong></span> <span class='ocrx_word' id='word_1_21' title='bbox 1471 459 1675 511; x_wconf 87' lang='lat' dir='ltr'><strong>sepulcro</strong></span> 
     </span>
     <span class='ocr_line' id='line_1_4' title="bbox 221 526 1674 582; baseline -0.003 -12"><span class='ocrx_word' id='word_1_22' title='bbox 221 527 521 582; x_wconf 86' lang='lat' dir='ltr'><strong>antiquissimi</strong></span> <span class='ocrx_word' id='word_1_23' title='bbox 555 527 745 580; x_wconf 89' lang='lat' dir='ltr'><strong>Dictyos</strong></span> <span class='ocrx_word' id='word_1_24' title='bbox 785 529 885 579; x_wconf 90' lang='lat' dir='ltr'><strong>post</strong></span> <span class='ocrx_word' id='word_1_25' title='bbox 921 528 1043 566; x_wconf 86' lang='lat' dir='ltr'><strong>terrae</strong></span> <span class='ocrx_word' id='word_1_26' title='bbox 1076 532 1248 566; x_wconf 87' lang='lat' dir='ltr'><strong>motum</strong></span> <span class='ocrx_word' id='word_1_27' title='bbox 1281 526 1481 578; x_wconf 83' lang='lat' dir='ltr'><strong>collapso</strong></span> <span class='ocrx_word' id='word_1_28' title='bbox 1513 530 1674 576; x_wconf 84' lang='lat' dir='ltr'><strong>erutos,</strong></span> 
     </span>
     <span class='ocr_line' id='line_1_5' title="bbox 219 592 1675 647; baseline -0.001 -11"><span class='ocrx_word' id='word_1_29' title='bbox 219 594 480 636; x_wconf 85' lang='lat' dir='ltr'><strong>Vanissimo</strong></span> <span class='ocrx_word' id='word_1_30' title='bbox 511 593 726 647; x_wconf 89' lang='lat' dir='ltr'><strong>Principi,</strong></span> <span class='ocrx_word' id='word_1_31' title='bbox 755 593 831 646; x_wconf 92' lang='lat' dir='ltr'><strong>qui</strong></span> <span class='ocrx_word' id='word_1_32' title='bbox 863 592 1007 634; x_wconf 87' lang='lat' dir='ltr'><strong>Iliaca</strong></span> <span class='ocrx_word' id='word_1_33' title='bbox 1047 593 1243 634; x_wconf 80' lang='lat' dir='ltr'><strong>maxime</strong></span> <span class='ocrx_word' id='word_1_34' title='bbox 1278 600 1456 634; x_wconf 86' lang='lat' dir='ltr'><strong>cantare</strong></span> <span class='ocrx_word' id='word_1_35' title='bbox 1487 593 1675 643; x_wconf 83' lang='lat' dir='ltr'><strong>solebat,</strong></span> 
     </span>
     <span class='ocr_line' id='line_1_6' title="bbox 218 653 1676 717; baseline -0.002 -14"><span class='ocrx_word' id='word_1_36' title='bbox 218 663 294 717; x_wconf 91' lang='lat' dir='ltr'><strong>qui</strong></span> <span class='ocrx_word' id='word_1_37' title='bbox 314 666 357 703; x_wconf 87' lang='lat' dir='ltr'><strong>et</strong></span> <span class='ocrx_word' id='word_1_38' title='bbox 385 662 484 715; x_wconf 89' lang='lat' dir='ltr'><strong>ipse</strong></span> <span class='ocrx_word' id='word_1_39' title='bbox 504 660 672 701; x_wconf 87' lang='lat' dir='ltr'><strong>Troica</strong></span> <span class='ocrx_word' id='word_1_40' title='bbox 693 660 886 714; x_wconf 87' lang='lat' dir='ltr'><strong>scripsit,</strong></span> <span class='ocrx_word' id='word_1_41' title='bbox 910 653 1049 702; x_wconf 87' lang='lat' dir='ltr'><strong>citata</strong></span> <span class='ocrx_word' id='word_1_42' title='bbox 1069 661 1238 713; x_wconf 87' lang='lat' dir='ltr'><strong>saepius</strong></span> <span class='ocrx_word' id='word_1_43' title='bbox 1263 673 1290 702; x_wconf 89' lang='lat' dir='ltr'><strong>a</strong></span> <span class='ocrx_word' id='word_1_44' title='bbox 1319 660 1474 702; x_wconf 88' lang='lat' dir='ltr'><strong>Servio</strong></span> <span class='ocrx_word' id='word_1_45' title='bbox 1496 661 1551 701; x_wconf 85' lang='lat' dir='ltr'><strong>ad</strong></span> <span class='ocrx_word' id='word_1_46' title='bbox 1572 659 1676 701; x_wconf 84' lang='lat' dir='ltr'><strong>Vir·</strong></span> 
     </span>
     <span class='ocr_line' id='line_1_7' title="bbox 215 726 1675 783; baseline 0 -13"><span class='ocrx_word' id='word_1_47' title='bbox 215 730 386 783; x_wconf 86' lang='lat' dir='ltr'><strong>gilium,</strong></span> <span class='ocrx_word' id='word_1_48' title='bbox 419 729 462 770; x_wconf 91' lang='lat' dir='ltr'><strong>in</strong></span> <span class='ocrx_word' id='word_1_49' title='bbox 484 727 665 770; x_wconf 85' lang='lat' dir='ltr'><strong>Graecia</strong></span> <span class='ocrx_word' id='word_1_50' title='bbox 686 730 789 768; x_wconf 90' lang='lat' dir='ltr'><strong>tunc</strong></span> <span class='ocrx_word' id='word_1_51' title='bbox 811 726 1036 768; x_wconf 86' lang='lat' dir='ltr'><strong>offerendi.</strong></span> <span class='ocrx_word' id='word_1_52' title='bbox 1094 727 1244 768; x_wconf 84' lang='lat' dir='ltr'><strong>Terrae</strong></span> <span class='ocrx_word' id='word_1_53' title='bbox 1265 730 1410 769; x_wconf 88' lang='lat' dir='ltr'><strong>autem</strong></span> <span class='ocrx_word' id='word_1_54' title='bbox 1430 732 1579 768; x_wconf 88' lang='lat' dir='ltr'><strong>motus</strong></span> <span class='ocrx_word' id='word_1_55' title='bbox 1606 741 1675 770; x_wconf 85' lang='lat' dir='ltr'><strong>re-</strong></span> 
     </span>
     <span class='ocr_line' id='line_1_8' title="bbox 214 793 1675 848; baseline -0.003 -10"><span class='ocrx_word' id='word_1_56' title='bbox 214 809 319 838; x_wconf 83' lang='lat' dir='ltr'><strong>vera</strong></span> <span class='ocrx_word' id='word_1_57' title='bbox 337 802 446 838; x_wconf 90' lang='lat' dir='ltr'><strong>tunc</strong></span> <span class='ocrx_word' id='word_1_58' title='bbox 478 795 696 837; x_wconf 87' lang='lat' dir='ltr'><strong>afflixerat</strong></span> <span class='ocrx_word' id='word_1_59' title='bbox 712 794 888 836; x_wconf 85' lang='lat' dir='ltr'><strong>Cretam</strong></span> <span class='ocrx_word' id='word_1_60' title='bbox 910 793 1086 848; x_wconf 92' lang='lat' dir='ltr'><strong>quando</strong></span> <span class='ocrx_word' id='word_1_61' title='bbox 1110 794 1232 836; x_wconf 91' lang='lat' dir='ltr'><strong>Nero</strong></span> <span class='ocrx_word' id='word_1_62' title='bbox 1252 795 1296 835; x_wconf 91' lang='lat' dir='ltr'><strong>in</strong></span> <span class='ocrx_word' id='word_1_63' title='bbox 1319 794 1532 835; x_wconf 83' lang='lat' dir='ltr'><strong>Achaiam</strong></span> <span class='ocrx_word' id='word_1_64' title='bbox 1550 795 1675 844; x_wconf 86' lang='lat' dir='ltr'><strong>abiit,</strong></span> 
     </span>
     <span class='ocr_line' id='line_1_9' title="bbox 214 862 1673 918; baseline -0.001 -13"><span class='ocrx_word' id='word_1_65' title='bbox 214 863 447 918; x_wconf 84' lang='lat' dir='ltr'><strong>siquidem,</strong></span> <span class='ocrx_word' id='word_1_66' title='bbox 476 876 578 905; x_wconf 90' lang='lat' dir='ltr'><strong>cum</strong></span> <span class='ocrx_word' id='word_1_67' title='bbox 597 862 862 916; x_wconf 88' lang='lat' dir='ltr'><strong>Apollonius</strong></span> <span class='ocrx_word' id='word_1_68' title='bbox 883 862 1091 916; x_wconf 87' lang='lat' dir='ltr'><strong>Tyaneus</strong></span> <span class='ocrx_word' id='word_1_69' title='bbox 1124 862 1245 916; x_wconf 85' lang='lat' dir='ltr'><strong>apud</strong></span> <span class='ocrx_word' id='word_1_70' title='bbox 1281 862 1594 903; x_wconf 86' lang='lat' dir='ltr'><strong>Philostratum</strong></span> <span class='ocrx_word' id='word_1_71' title='bbox 1627 863 1673 903; x_wconf 90' lang='lat' dir='ltr'><strong>in</strong></span> 
     </span>
     <span class='ocr_line' id='line_1_10' title="bbox 214 928 1672 984; baseline -0.001 -12"><span class='ocrx_word' id='word_1_72' title='bbox 214 930 313 984; x_wconf 91' lang='lat' dir='ltr'><strong>ejus</strong></span> <span class='ocrx_word' id='word_1_73' title='bbox 333 931 459 980; x_wconf 89' lang='lat' dir='ltr'><strong>Vita,</strong></span> <span class='ocrx_word' id='word_1_74' title='bbox 489 930 566 971; x_wconf 89' lang='lat' dir='ltr'><strong>lib.</strong></span> <span class='ocrx_word' id='word_1_75' title='bbox 601 941 668 970; x_wconf 82' lang='lat' dir='ltr'><strong>lv.</strong></span> <span class='ocrx_word' id='word_1_76' title='bbox 698 942 798 982; x_wconf 85' lang='lat' dir='ltr'><strong>cap.</strong></span> <span class='ocrx_word' id='word_1_77' title='bbox 820 928 889 969; x_wconf 86' lang='lat' dir='ltr'><strong>ll.</strong></span> <span class='ocrx_word' id='word_1_78' title='bbox 920 934 969 970; x_wconf 92' lang='lat' dir='ltr'><strong>ut</strong></span> <span class='ocrx_word' id='word_1_79' title='bbox 994 929 1090 982; x_wconf 88' lang='lat' dir='ltr'><strong>jam</strong></span> <span class='ocrx_word' id='word_1_80' title='bbox 1119 929 1286 970; x_wconf 91' lang='lat' dir='ltr'><strong>monuit</strong></span> <span class='ocrx_word' id='word_1_81' title='bbox 1318 929 1402 970; x_wconf 88' lang='lat' dir='ltr'><strong>Vir</strong></span> <span class='ocrx_word' id='word_1_82' title='bbox 1425 929 1672 970; x_wconf 85' lang='lat' dir='ltr'><strong>eruditione</strong></span> 
     </span>
     <span class='ocr_line' id='line_1_11' title="bbox 213 996 1672 1050; baseline -0.001 -12"><span class='ocrx_word' id='word_1_83' title='bbox 213 999 345 1040; x_wconf 88' lang='lat' dir='ltr'><strong>simul</strong></span> <span class='ocrx_word' id='word_1_84' title='bbox 367 1003 414 1039; x_wconf 87' lang='lat' dir='ltr'><strong>et</strong></span> <span class='ocrx_word' id='word_1_85' title='bbox 435 998 650 1050; x_wconf 84' lang='lat' dir='ltr'><strong>dignitate</strong></span> <span class='ocrx_word' id='word_1_86' title='bbox 673 996 952 1050; x_wconf 82' lang='lat' dir='ltr'><strong>amplissima</strong></span> <span class='ocrx_word' id='word_1_87' title='bbox 975 996 1258 1050; x_wconf 89' lang='lat' dir='ltr'><strong>conspicuus,</strong></span> <span class='ocrx_word' id='word_1_88' title='bbox 1282 996 1376 1036; x_wconf 81' lang='lat' dir='ltr'><strong>Ulr.</strong></span> <span class='ocrx_word' id='word_1_89' title='bbox 1407 996 1672 1046; x_wconf 90' lang='lat' dir='ltr'><strong>Obrechtus,</strong></span> 
     </span>
     <span class='ocr_line' id='line_1_12' title="bbox 212 1063 1672 1116; baseline 0 -10"><span class='ocrx_word' id='word_1_90' title='bbox 212 1078 272 1106; x_wconf 81' lang='lat' dir='ltr'><strong>ex</strong></span> <span class='ocrx_word' id='word_1_91' title='bbox 299 1065 478 1107; x_wconf 79' lang='lat' dir='ltr'><strong>Graecia</strong></span> <span class='ocrx_word' id='word_1_92' title='bbox 507 1065 550 1106; x_wconf 88' lang='lat' dir='ltr'><strong>in</strong></span> <span class='ocrx_word' id='word_1_93' title='bbox 572 1065 765 1114; x_wconf 86' lang='lat' dir='ltr'><strong>Cretam,</strong></span> <span class='ocrx_word' id='word_1_94' title='bbox 797 1063 895 1116; x_wconf 83' lang='lat' dir='ltr'><strong>ejus</strong></span> <span class='ocrx_word' id='word_1_95' title='bbox 929 1067 1101 1105; x_wconf 86' lang='lat' dir='ltr'><strong>tantum</strong></span> <span class='ocrx_word' id='word_1_96' title='bbox 1133 1063 1338 1105; x_wconf 80' lang='lat' dir='ltr'><strong>videndae</strong></span> <span class='ocrx_word' id='word_1_97' title='bbox 1373 1064 1528 1116; x_wconf 87' lang='lat' dir='ltr'><strong>gratia,</strong></span> <span class='ocrx_word' id='word_1_98' title='bbox 1557 1069 1672 1106; x_wconf 85' lang='lat' dir='ltr'><strong>esset</strong></span> 
     </span>
     <span class='ocr_line' id='line_1_13' title="bbox 210 1130 1669 1186; baseline -0.001 -12"><span class='ocrx_word' id='word_1_99' title='bbox 210 1133 452 1186; x_wconf 89' lang='lat' dir='ltr'><strong>profectus,</strong></span> <span class='ocrx_word' id='word_1_100' title='bbox 482 1146 536 1174; x_wconf 90' lang='lat' dir='ltr'><strong>ac</strong></span> <span class='ocrx_word' id='word_1_101' title='bbox 576 1132 675 1173; x_wconf 86' lang='lat' dir='ltr'><strong>inde</strong></span> <span class='ocrx_word' id='word_1_102' title='bbox 714 1144 843 1186; x_wconf 88' lang='lat' dir='ltr'><strong>porro</strong></span> <span class='ocrx_word' id='word_1_103' title='bbox 880 1130 1074 1172; x_wconf 88' lang='lat' dir='ltr'><strong>Romam</strong></span> <span class='ocrx_word' id='word_1_104' title='bbox 1114 1132 1194 1172; x_wconf 91' lang='lat' dir='ltr'><strong>iter</strong></span> <span class='ocrx_word' id='word_1_105' title='bbox 1225 1136 1413 1184; x_wconf 82' lang='lat' dir='ltr'><strong>pararet,</strong></span> <span class='ocrx_word' id='word_1_106' title='bbox 1443 1137 1534 1172; x_wconf 90' lang='lat' dir='ltr'><strong>tum</strong></span> <span class='ocrx_word' id='word_1_107' title='bbox 1565 1145 1669 1173; x_wconf 90' lang='lat' dir='ltr'><strong>vero</strong></span> 
     </span>
     <span class='ocr_line' id='line_1_14' title="bbox 211 1196 1667 1255; baseline 0.001 -16"><span class='ocrx_word' id='word_1_108' title='bbox 211 1200 364 1251; x_wconf 81' lang='grc' dir='ltr'>σεισμὸς</span> <span class='ocrx_word' id='word_1_109' title='bbox 391 1199 524 1255; x_wconf 77' lang='grc' dir='ltr'><em>ἀθρόως</em></span> <span class='ocrx_word' id='word_1_110' title='bbox 545 1203 592 1255; x_wconf 78' lang='grc' dir='ltr'><strong>τῇ</strong></span> <span class='ocrx_word' id='word_1_111' title='bbox 627 1199 752 1254; x_wconf 73' lang='grc' dir='ltr'><em>Κρήτῃ</em></span> <span class='ocrx_word' id='word_1_112' title='bbox 778 1196 1009 1254; x_wconf 81' lang='grc' dir='ltr'>προσέβαλε,</span> <span class='ocrx_word' id='word_1_113' title='bbox 1042 1202 1198 1240; x_wconf 81' lang='lat' dir='ltr'><strong>‘terrae</strong></span> <span class='ocrx_word' id='word_1_114' title='bbox 1231 1205 1378 1240; x_wconf 85' lang='lat' dir='ltr'><strong>motus</strong></span> <span class='ocrx_word' id='word_1_115' title='bbox 1417 1200 1667 1240; x_wconf 81' lang='lat' dir='ltr'><strong>universam</strong></span> 
     </span>
     <span class='ocr_line' id='line_1_15' title="bbox 209 1265 1668 1320; baseline 0 -12"><span class='ocrx_word' id='word_1_116' title='bbox 209 1267 370 1309; x_wconf 83' lang='lat' dir='ltr'><strong>afflixit</strong></span> <span class='ocrx_word' id='word_1_117' title='bbox 387 1268 562 1310; x_wconf 86' lang='lat' dir='ltr'><strong>Cretam</strong></span> <span class='ocrx_word' id='word_1_118' title='bbox 585 1268 609 1319; x_wconf 87' lang='lat'><strong>;&#39;</strong></span> <span class='ocrx_word' id='word_1_119' title='bbox 645 1272 690 1308; x_wconf 89' lang='lat' dir='ltr'><strong>et</strong></span> <span class='ocrx_word' id='word_1_120' title='bbox 711 1267 789 1316; x_wconf 89' lang='lat' dir='ltr'><strong>ita,</strong></span> <span class='ocrx_word' id='word_1_121' title='bbox 820 1271 866 1307; x_wconf 91' lang='lat' dir='ltr'><strong>ut</strong></span> <span class='ocrx_word' id='word_1_122' title='bbox 886 1266 1016 1320; x_wconf 91' lang='lat' dir='ltr'><strong>quasi</strong></span> <span class='ocrx_word' id='word_1_123' title='bbox 1037 1265 1199 1308; x_wconf 84' lang='lat' dir='ltr'><strong>tonitru</strong></span> <span class='ocrx_word' id='word_1_124' title='bbox 1231 1279 1289 1307; x_wconf 82' lang='lat' dir='ltr'><strong>ex</strong></span> <span class='ocrx_word' id='word_1_125' title='bbox 1323 1274 1436 1308; x_wconf 86' lang='lat' dir='ltr'><strong>terra</strong></span> <span class='ocrx_word' id='word_1_126' title='bbox 1456 1267 1668 1317; x_wconf 83' lang='lat' dir='ltr'><strong>ederetur,</strong></span> 
     </span>
     <span class='ocr_line' id='line_1_16' title="bbox 210 1334 1668 1388; baseline 0 -13"><span class='ocrx_word' id='word_1_127' title='bbox 210 1339 255 1376; x_wconf 89' lang='lat' dir='ltr'><strong>et</strong></span> <span class='ocrx_word' id='word_1_128' title='bbox 273 1348 393 1376; x_wconf 87' lang='lat' dir='ltr'><strong>mare</strong></span> <span class='ocrx_word' id='word_1_129' title='bbox 423 1336 682 1377; x_wconf 87' lang='lat' dir='ltr'><strong>subsideret.</strong></span> <span class='ocrx_word' id='word_1_130' title='bbox 743 1334 854 1376; x_wconf 92' lang='lat' dir='ltr'><strong>Inde</strong></span> <span class='ocrx_word' id='word_1_131' title='bbox 876 1340 1024 1375; x_wconf 86' lang='lat' dir='ltr'><strong>autem</strong></span> <span class='ocrx_word' id='word_1_132' title='bbox 1046 1334 1237 1375; x_wconf 87' lang='lat' dir='ltr'><strong>Romam</strong></span> <span class='ocrx_word' id='word_1_133' title='bbox 1263 1334 1359 1388; x_wconf 86' lang='lat' dir='ltr'><strong>jam</strong></span> <span class='ocrx_word' id='word_1_134' title='bbox 1382 1334 1668 1385; x_wconf 82' lang='lat' dir='ltr'><strong>contendens,</strong></span> 
     </span>
     <span class='ocr_line' id='line_1_17' title="bbox 207 1402 1664 1455; baseline 0.001 -13"><span class='ocrx_word' id='word_1_135' title='bbox 207 1403 251 1443; x_wconf 93' lang='lat' dir='ltr'><strong>in</strong></span> <span class='ocrx_word' id='word_1_136' title='bbox 280 1415 377 1443; x_wconf 88' lang='lat' dir='ltr'><strong>eam</strong></span> <span class='ocrx_word' id='word_1_137' title='bbox 405 1403 553 1443; x_wconf 82' lang='lat' dir='ltr'><strong>urbem</strong></span> <span class='ocrx_word' id='word_1_138' title='bbox 577 1403 752 1444; x_wconf 90' lang='lat' dir='ltr'><strong>venisse</strong></span> <span class='ocrx_word' id='word_1_139' title='bbox 773 1402 933 1442; x_wconf 91' lang='lat' dir='ltr'><strong>dicitur</strong></span> <span class='ocrx_word' id='word_1_140' title='bbox 954 1415 1054 1455; x_wconf 88' lang='lat' dir='ltr'><strong>cap.</strong></span> <span class='ocrx_word' id='word_1_141' title='bbox 1076 1403 1144 1443; x_wconf 75' lang='lat'><strong>13.</strong></span> <span class='ocrx_word' id='word_1_142' title='bbox 1202 1402 1414 1443; x_wconf 87' lang='lat' dir='ltr'><strong>Telesino</strong></span> <span class='ocrx_word' id='word_1_143' title='bbox 1450 1402 1664 1452; x_wconf 86' lang='lat' dir='ltr'><strong>Consule,</strong></span> 
     </span>
     <span class='ocr_line' id='line_1_18' title="bbox 207 1468 1564 1523; baseline 0.001 -14"><span class='ocrx_word' id='word_1_144' title='bbox 207 1469 283 1522; x_wconf 90' lang='lat' dir='ltr'><strong>qui</strong></span> <span class='ocrx_word' id='word_1_145' title='bbox 305 1482 360 1509; x_wconf 92' lang='lat' dir='ltr'><strong>eo</strong></span> <span class='ocrx_word' id='word_1_146' title='bbox 381 1482 494 1510; x_wconf 86' lang='lat' dir='ltr'><strong>anno</strong></span> <span class='ocrx_word' id='word_1_147' title='bbox 518 1468 708 1510; x_wconf 85' lang='lat' dir='ltr'><strong>Neronis</strong></span> <span class='ocrx_word' id='word_1_148' title='bbox 730 1469 907 1509; x_wconf 91' lang='lat' dir='ltr'><strong>ineunte</strong></span> <span class='ocrx_word' id='word_1_149' title='bbox 930 1468 1224 1510; x_wconf 86' lang='lat' dir='ltr'><strong>Consulatum</strong></span> <span class='ocrx_word' id='word_1_150' title='bbox 1244 1482 1397 1511; x_wconf 88' lang='lat' dir='ltr'><strong>revera</strong></span> <span class='ocrx_word' id='word_1_151' title='bbox 1412 1470 1564 1523; x_wconf 85' lang='lat' dir='ltr'><strong>gessit.</strong></span> 
     </span>
    </p>

    <p class='ocr_par' dir='ltr' id='par_1_3' title="bbox 193 1535 1664 2666">
     <span class='ocr_line' id='line_1_19' title="bbox 265 1535 1664 1592; baseline 0.002 -17"><span class='ocrx_word' id='word_1_152' title='bbox 265 1546 331 1577; x_wconf 90' lang='lat' dir='ltr'><strong>v1.</strong></span> <span class='ocrx_word' id='word_1_153' title='bbox 363 1535 439 1576; x_wconf 89' lang='lat' dir='ltr'><strong>Sic</strong></span> <span class='ocrx_word' id='word_1_154' title='bbox 461 1539 611 1589; x_wconf 89' lang='lat' dir='ltr'><strong>patere</strong></span> <span class='ocrx_word' id='word_1_155' title='bbox 624 1535 718 1590; x_wconf 86' lang='lat' dir='ltr'><strong>jam</strong></span> <span class='ocrx_word' id='word_1_156' title='bbox 741 1540 868 1589; x_wconf 87' lang='lat' dir='ltr'><strong>puto,</strong></span> <span class='ocrx_word' id='word_1_157' title='bbox 896 1535 1081 1577; x_wconf 86' lang='lat' dir='ltr'><strong>eundem</strong></span> <span class='ocrx_word' id='word_1_158' title='bbox 1102 1535 1241 1577; x_wconf 83' lang='lat' dir='ltr'><strong>fuisse</strong></span> <span class='ocrx_word' id='word_1_159' title='bbox 1264 1538 1448 1592; x_wconf 89' lang='lat' dir='ltr'><strong>Dictyn,</strong></span> <span class='ocrx_word' id='word_1_160' title='bbox 1470 1542 1512 1578; x_wconf 87' lang='lat' dir='ltr'><strong>et</strong></span> <span class='ocrx_word' id='word_1_161' title='bbox 1533 1551 1664 1592; x_wconf 89' lang='lat' dir='ltr'><strong>quem</strong></span> 
     </span>
     <span class='ocr_line' id='line_1_20' title="bbox 204 1603 1663 1659; baseline 0.003 -17"><span class='ocrx_word' id='word_1_162' title='bbox 204 1607 354 1647; x_wconf 85' lang='lat' dir='ltr'><strong>noster</strong></span> <span class='ocrx_word' id='word_1_163' title='bbox 389 1603 634 1656; x_wconf 89' lang='lat' dir='ltr'><strong>Septimius</strong></span> <span class='ocrx_word' id='word_1_164' title='bbox 666 1604 709 1644; x_wconf 90' lang='lat' dir='ltr'><strong>in</strong></span> <span class='ocrx_word' id='word_1_165' title='bbox 742 1603 950 1644; x_wconf 83' lang='lat' dir='ltr'><strong>Latinum</strong></span> <span class='ocrx_word' id='word_1_166' title='bbox 988 1605 1118 1644; x_wconf 84' lang='lat' dir='ltr'><strong>vertit</strong></span> <span class='ocrx_word' id='word_1_167' title='bbox 1158 1617 1421 1654; x_wconf 87' lang='lat' dir='ltr'><strong>sermonem,</strong></span> <span class='ocrx_word' id='word_1_168' title='bbox 1458 1610 1501 1646; x_wconf 91' lang='lat' dir='ltr'><strong>et</strong></span> <span class='ocrx_word' id='word_1_169' title='bbox 1532 1619 1663 1659; x_wconf 85' lang='lat' dir='ltr'><strong>quem</strong></span> 
     </span>
     <span class='ocr_line' id='line_1_21' title="bbox 204 1668 1664 1725; baseline 0.003 -16"><span class='ocrx_word' id='word_1_170' title='bbox 204 1668 352 1710; x_wconf 85' lang='lat' dir='ltr'><strong>Graeci</strong></span> <span class='ocrx_word' id='word_1_171' title='bbox 390 1669 652 1711; x_wconf 87' lang='lat' dir='ltr'><strong>habuerunt.</strong></span> <span class='ocrx_word' id='word_1_172' title='bbox 714 1668 909 1711; x_wconf 90' lang='lat' dir='ltr'><strong>Accedit</strong></span> <span class='ocrx_word' id='word_1_173' title='bbox 943 1670 1013 1711; x_wconf 87' lang='lat' dir='ltr'><strong>his</strong></span> <span class='ocrx_word' id='word_1_174' title='bbox 1049 1683 1168 1721; x_wconf 88' lang='lat' dir='ltr'><strong>vero,</strong></span> <span class='ocrx_word' id='word_1_175' title='bbox 1189 1672 1320 1725; x_wconf 92' lang='lat' dir='ltr'><strong>quod,</strong></span> <span class='ocrx_word' id='word_1_176' title='bbox 1352 1672 1484 1713; x_wconf 86' lang='lat' dir='ltr'><strong>sicuti</strong></span> <span class='ocrx_word' id='word_1_177' title='bbox 1517 1678 1664 1714; x_wconf 86' lang='lat' dir='ltr'><strong>noster</strong></span> 
     </span>
     <span class='ocr_line' id='line_1_22' title="bbox 204 1737 1663 1793; baseline 0.002 -16"><span class='ocrx_word' id='word_1_178' title='bbox 204 1737 468 1790; x_wconf 89' lang='lat' dir='ltr'><strong>opusculum</strong></span> <span class='ocrx_word' id='word_1_179' title='bbox 491 1737 574 1779; x_wconf 92' lang='lat' dir='ltr'><strong>hoc</strong></span> <span class='ocrx_word' id='word_1_180' title='bbox 609 1738 801 1792; x_wconf 89' lang='lat' dir='ltr'><strong>Dictyos</strong></span> <span class='ocrx_word' id='word_1_181' title='bbox 835 1742 970 1779; x_wconf 86' lang='lat' dir='ltr'><strong>vocat</strong></span> <span class='ocrx_word' id='word_1_182' title='bbox 992 1737 1288 1792; x_wconf 82' lang='lat' dir='ltr'><strong>Ephemerida</strong></span> <span class='ocrx_word' id='word_1_183' title='bbox 1320 1739 1437 1780; x_wconf 92' lang='lat' dir='ltr'><strong>Belli</strong></span> <span class='ocrx_word' id='word_1_184' title='bbox 1466 1739 1663 1793; x_wconf 86' lang='lat' dir='ltr'><strong>Trojani,</strong></span> 
     </span>
     <span class='ocr_line' id='line_1_23' title="bbox 201 1803 1662 1859; baseline 0.002 -16"><span class='ocrx_word' id='word_1_185' title='bbox 201 1803 267 1844; x_wconf 90' lang='lat' dir='ltr'><strong>sic</strong></span> <span class='ocrx_word' id='word_1_186' title='bbox 289 1807 331 1844; x_wconf 88' lang='lat' dir='ltr'><strong>et</strong></span> <span class='ocrx_word' id='word_1_187' title='bbox 348 1803 514 1845; x_wconf 85' lang='lat' dir='ltr'><strong>Suidas</strong></span> <span class='ocrx_word' id='word_1_188' title='bbox 533 1818 659 1846; x_wconf 88' lang='lat' dir='ltr'><strong>suum</strong></span> <span class='ocrx_word' id='word_1_189' title='bbox 680 1806 845 1859; x_wconf 88' lang='lat' dir='ltr'><strong>Dictyn</strong></span> <span class='ocrx_word' id='word_1_190' title='bbox 862 1805 1098 1858; x_wconf 85' lang='lat' dir='ltr'><strong>scripsisse</strong></span> <span class='ocrx_word' id='word_1_191' title='bbox 1114 1804 1236 1846; x_wconf 86' lang='lat' dir='ltr'><strong>dicat</strong></span> <span class='ocrx_word' id='word_1_192' title='bbox 1248 1803 1484 1859; x_wconf 69' lang='grc' dir='ltr'>Ἐφημερίδα</span> <span class='ocrx_word' id='word_1_193' title='bbox 1501 1810 1662 1859; x_wconf 77' lang='grc' dir='ltr'>Τρωϊκοῦ</span> 
     </span>
     <span class='ocr_line' id='line_1_24' title="bbox 200 1868 1662 1926; baseline 0.005 -18"><span class='ocrx_word' id='word_1_194' title='bbox 200 1868 418 1923; x_wconf 70' lang='grc' dir='ltr'>διακόσμου,</span> <span class='ocrx_word' id='word_1_195' title='bbox 451 1872 538 1913; x_wconf 94' lang='lat' dir='ltr'><strong>hoc</strong></span> <span class='ocrx_word' id='word_1_196' title='bbox 567 1876 651 1923; x_wconf 90' lang='lat' dir='ltr'><strong>est,</strong></span> <span class='ocrx_word' id='word_1_197' title='bbox 684 1872 1007 1926; x_wconf 85' lang='lat' dir='ltr'><strong>‘Ephemerida</strong></span> <span class='ocrx_word' id='word_1_198' title='bbox 1040 1885 1182 1913; x_wconf 90' lang='lat' dir='ltr'><strong>rerum</strong></span> <span class='ocrx_word' id='word_1_199' title='bbox 1216 1872 1337 1926; x_wconf 87' lang='lat' dir='ltr'><strong>apud</strong></span> <span class='ocrx_word' id='word_1_200' title='bbox 1359 1873 1539 1926; x_wconf 86' lang='lat' dir='ltr'><strong>Trojam</strong></span> <span class='ocrx_word' id='word_1_201' title='bbox 1562 1887 1662 1925; x_wconf 82' lang='lat' dir='ltr'><strong>ges-</strong></span> 
     </span>
     <span class='ocr_line' id='line_1_25' title="bbox 201 1938 1661 1994; baseline 0.003 -16"><span class='ocrx_word' id='word_1_202' title='bbox 201 1938 371 1979; x_wconf 87' lang='lat' dir='ltr'><strong>tarum.&#39;</strong></span> <span class='ocrx_word' id='word_1_203' title='bbox 430 1939 550 1981; x_wconf 86' lang='lat' dir='ltr'><strong>Nam</strong></span> <span class='ocrx_word' id='word_1_204' title='bbox 573 1940 653 1981; x_wconf 86' lang='lat' dir='ltr'><strong>vix</strong></span> <span class='ocrx_word' id='word_1_205' title='bbox 684 1940 855 1990; x_wconf 87' lang='lat' dir='ltr'><strong>dubito,</strong></span> <span class='ocrx_word' id='word_1_206' title='bbox 878 1940 983 1994; x_wconf 89' lang='lat' dir='ltr'><strong>quin</strong></span> <span class='ocrx_word' id='word_1_207' title='bbox 1014 1940 1137 1993; x_wconf 85' lang='lat' dir='ltr'><strong>apud</strong></span> <span class='ocrx_word' id='word_1_208' title='bbox 1176 1940 1362 1981; x_wconf 89' lang='lat' dir='ltr'><strong>Suidam</strong></span> <span class='ocrx_word' id='word_1_209' title='bbox 1392 1940 1489 1982; x_wconf 85' lang='lat' dir='ltr'><strong>haec</strong></span> <span class='ocrx_word' id='word_1_210' title='bbox 1512 1942 1661 1991; x_wconf 88' lang='lat' dir='ltr'><strong>verba,</strong></span> 
     </span>
     <span class='ocr_line' id='line_1_26' title="bbox 198 2003 1660 2063; baseline 0.003 -19"><span class='ocrx_word' id='word_1_211' title='bbox 198 2003 340 2053; x_wconf 79' lang='grc' dir='ltr'><strong><em>Δίκτυς</em></strong></span> <span class='ocrx_word' id='word_1_212' title='bbox 358 2006 560 2061; x_wconf 56' lang='lat' dir='ltr'><strong>‘lampenas</strong></span> <span class='ocrx_word' id='word_1_213' title='bbox 582 2005 745 2063; x_wconf 74' lang='grc' dir='ltr'>ἔγραψεν</span> <span class='ocrx_word' id='word_1_214' title='bbox 764 2005 1018 2061; x_wconf 74' lang='grc' dir='ltr'>Ἐφημερίὸα,</span> <span class='ocrx_word' id='word_1_215' title='bbox 1034 2007 1113 2047; x_wconf 82' lang='grc' dir='ltr'><strong>ἔστι</strong></span> <span class='ocrx_word' id='word_1_216' title='bbox 1131 2007 1166 2047; x_wconf 80' lang='grc' dir='ltr'><strong>δὲ</strong></span> <span class='ocrx_word' id='word_1_217' title='bbox 1183 2008 1234 2046; x_wconf 83' lang='grc' dir='ltr'><strong>τοὶ</strong></span> <span class='ocrx_word' id='word_1_218' title='bbox 1254 2006 1514 2062; x_wconf 76' lang='grc' dir='ltr'>μεθ”Όμηρον</span> <span class='ocrx_word' id='word_1_219' title='bbox 1536 2025 1660 2048; x_wconf 79' lang='grc' dir='ltr'>κατα-</span> 
     </span>
     <span class='ocr_line' id='line_1_27' title="bbox 197 2072 1660 2129; baseline 0.005 -18"><span class='ocrx_word' id='word_1_220' title='bbox 197 2072 358 2126; x_wconf 78' lang='grc' dir='ltr'><em>λογάδην</em></span> <span class='ocrx_word' id='word_1_221' title='bbox 380 2074 414 2113; x_wconf 76' lang='grc' dir='ltr'><strong>ὲν</strong></span> <span class='ocrx_word' id='word_1_222' title='bbox 437 2073 600 2125; x_wconf 78' lang='grc' dir='ltr'><strong>βιβλίοις</strong></span> <span class='ocrx_word' id='word_1_223' title='bbox 622 2074 662 2114; x_wconf 82' lang='grc' dir='ltr'><strong>θ’.</strong></span> <span class='ocrx_word' id='word_1_224' title='bbox 706 2076 897 2126; x_wconf 76' lang='grc' dir='ltr'>Ἰταλικοὶ,</span> <span class='ocrx_word' id='word_1_225' title='bbox 920 2077 1085 2129; x_wconf 80' lang='grc' dir='ltr'>Τρωϊκοῦ</span> <span class='ocrx_word' id='word_1_226' title='bbox 1107 2074 1311 2123; x_wconf 79' lang='grc' dir='ltr'>διακόσμου</span> <span class='ocrx_word' id='word_1_227' title='bbox 1329 2088 1338 2117; x_wconf 88' lang='lat'>:</span> <span class='ocrx_word' id='word_1_228' title='bbox 1361 2075 1552 2128; x_wconf 81' lang='lat' dir='ltr'><strong>legenda</strong></span> <span class='ocrx_word' id='word_1_229' title='bbox 1574 2077 1660 2119; x_wconf 84' lang='lat' dir='ltr'><strong>sint</strong></span> 
     </span>
     <span class='ocr_line' id='line_1_28' title="bbox 197 2139 1657 2197; baseline 0.001 -17"><span class='ocrx_word' id='word_1_230' title='bbox 197 2152 296 2181; x_wconf 88' lang='lat' dir='ltr'><strong>cum</strong></span> <span class='ocrx_word' id='word_1_231' title='bbox 318 2139 503 2191; x_wconf 89' lang='lat' dir='ltr'><strong>Allati0‚</strong></span> <span class='ocrx_word' id='word_1_232' title='bbox 531 2147 574 2184; x_wconf 91' lang='lat' dir='ltr'><strong>et</strong></span> <span class='ocrx_word' id='word_1_233' title='bbox 594 2142 903 2196; x_wconf 84' lang='lat' dir='ltr'><strong>distinguenda</strong></span> <span class='ocrx_word' id='word_1_234' title='bbox 931 2155 1034 2183; x_wconf 89' lang='lat' dir='ltr'><strong>cum</strong></span> <span class='ocrx_word' id='word_1_235' title='bbox 1056 2141 1305 2184; x_wconf 85' lang='lat' dir='ltr'><strong>Obrechto:</strong></span> <span class='ocrx_word' id='word_1_236' title='bbox 1336 2140 1479 2190; x_wconf 77' lang='grc' dir='ltr'><em>Δίκτυς</em></span> <span class='ocrx_word' id='word_1_237' title='bbox 1501 2143 1657 2197; x_wconf 76' lang='grc' dir='ltr'>Ἰστορι-</span> 
     </span>
     <span class='ocr_line' id='line_1_29' title="bbox 196 2205 1655 2265; baseline 0.005 -19"><span class='ocrx_word' id='word_1_238' title='bbox 196 2207 260 2254; x_wconf 76' lang='grc' dir='ltr'><strong>κὸς</strong></span> <span class='ocrx_word' id='word_1_239' title='bbox 290 2205 456 2264; x_wconf 61' lang='grc' dir='ltr'><strong>ἔγραψεν</strong></span> <span class='ocrx_word' id='word_1_240' title='bbox 488 2209 717 2265; x_wconf 78' lang='grc' dir='ltr'>Ἐφημερίδα</span> <span class='ocrx_word' id='word_1_241' title='bbox 746 2208 846 2259; x_wconf 82' lang='grc' dir='ltr'>(ἔστι</span> <span class='ocrx_word' id='word_1_242' title='bbox 882 2210 918 2249; x_wconf 80' lang='grc' dir='ltr'><strong>δὲ</strong></span> <span class='ocrx_word' id='word_1_243' title='bbox 955 2213 1005 2250; x_wconf 80' lang='grc' dir='ltr'><strong>τοὶ</strong></span> <span class='ocrx_word' id='word_1_244' title='bbox 1034 2210 1110 2262; x_wconf 82' lang='grc' dir='ltr'><em>μεθ’</em></span> <span class='ocrx_word' id='word_1_245' title='bbox 1135 2212 1235 2261; x_wconf 77' lang='grc' dir='ltr'><strong>“ομ.</strong></span> <span class='ocrx_word' id='word_1_246' title='bbox 1267 2217 1412 2252; x_wconf 84' lang='grc' dir='ltr'>καταλ.</span> <span class='ocrx_word' id='word_1_247' title='bbox 1444 2211 1478 2250; x_wconf 79' lang='grc' dir='ltr'><strong>ἐν</strong></span> <span class='ocrx_word' id='word_1_248' title='bbox 1507 2211 1590 2261; x_wconf 82' lang='grc' dir='ltr'><strong><em>βιβ.</em></strong></span> <span class='ocrx_word' id='word_1_249' title='bbox 1613 2211 1655 2253; x_wconf 79' lang='grc' dir='ltr'><strong>θ’.</strong></span> 
     </span>
     <span class='ocr_line' id='line_1_30' title="bbox 193 2273 1655 2332; baseline 0.005 -19"><span class='ocrx_word' id='word_1_250' title='bbox 193 2273 368 2330; x_wconf 73' lang='grc' dir='ltr'><strong>Ἰλιακοὶ)</strong></span> <span class='ocrx_word' id='word_1_251' title='bbox 391 2280 554 2331; x_wconf 70' lang='grc' dir='ltr'>Τρωϊκοῦ</span> <span class='ocrx_word' id='word_1_252' title='bbox 574 2276 792 2329; x_wconf 78' lang='grc' dir='ltr'>διακόσμου.</span> <span class='ocrx_word' id='word_1_253' title='bbox 835 2277 1161 2319; x_wconf 87' lang='lat' dir='ltr'><strong>Parentheseos</strong></span> <span class='ocrx_word' id='word_1_254' title='bbox 1183 2277 1332 2327; x_wconf 86' lang='lat' dir='ltr'><strong>istius,</strong></span> <span class='ocrx_word' id='word_1_255' title='bbox 1357 2277 1452 2318; x_wconf 88' lang='lat' dir='ltr'><strong>sive</strong></span> <span class='ocrx_word' id='word_1_256' title='bbox 1476 2279 1532 2318; x_wconf 90' lang='lat' dir='ltr'><strong>ab</strong></span> <span class='ocrx_word' id='word_1_257' title='bbox 1554 2279 1655 2332; x_wconf 88' lang='lat' dir='ltr'><strong>ipso</strong></span> 
     </span>
     <span class='ocr_line' id='line_1_31' title="bbox 194 2341 1656 2397; baseline 0.003 -15"><span class='ocrx_word' id='word_1_258' title='bbox 194 2341 255 2382; x_wconf 89' lang='lat' dir='ltr'><strong>sit</strong></span> <span class='ocrx_word' id='word_1_259' title='bbox 274 2341 430 2392; x_wconf 87' lang='lat' dir='ltr'><strong>Suida,</strong></span> <span class='ocrx_word' id='word_1_260' title='bbox 451 2344 546 2385; x_wconf 86' lang='lat' dir='ltr'><strong>sive</strong></span> <span class='ocrx_word' id='word_1_261' title='bbox 569 2345 625 2385; x_wconf 86' lang='lat' dir='ltr'><strong>ab</strong></span> <span class='ocrx_word' id='word_1_262' title='bbox 648 2345 748 2385; x_wconf 87' lang='lat' dir='ltr'><strong>aliis</strong></span> <span class='ocrx_word' id='word_1_263' title='bbox 764 2346 808 2385; x_wconf 92' lang='lat' dir='ltr'><strong>in</strong></span> <span class='ocrx_word' id='word_1_264' title='bbox 831 2345 1068 2397; x_wconf 84' lang='lat' dir='ltr'><strong>marginem</strong></span> <span class='ocrx_word' id='word_1_265' title='bbox 1091 2344 1277 2397; x_wconf 88' lang='lat' dir='ltr'><strong>primum</strong></span> <span class='ocrx_word' id='word_1_266' title='bbox 1304 2358 1355 2386; x_wconf 90' lang='lat' dir='ltr'><strong>ac</strong></span> <span class='ocrx_word' id='word_1_267' title='bbox 1374 2344 1475 2385; x_wconf 88' lang='lat' dir='ltr'><strong>dein</strong></span> <span class='ocrx_word' id='word_1_268' title='bbox 1495 2345 1539 2385; x_wconf 90' lang='lat' dir='ltr'><strong>in</strong></span> <span class='ocrx_word' id='word_1_269' title='bbox 1562 2350 1656 2386; x_wconf 86' lang='lat' dir='ltr'><strong>tex-</strong></span> 
     </span>
     <span class='ocr_line' id='line_1_32' title="bbox 193 2409 1658 2466; baseline 0.003 -17"><span class='ocrx_word' id='word_1_270' title='bbox 193 2411 288 2450; x_wconf 93' lang='lat' dir='ltr'><strong>tum</strong></span> <span class='ocrx_word' id='word_1_271' title='bbox 308 2409 453 2460; x_wconf 88' lang='lat' dir='ltr'><strong>illata,</strong></span> <span class='ocrx_word' id='word_1_272' title='bbox 476 2411 725 2461; x_wconf 87' lang='lat' dir='ltr'><strong>distinctio,</strong></span> <span class='ocrx_word' id='word_1_273' title='bbox 743 2412 863 2453; x_wconf 90' lang='lat' dir='ltr'><strong>unde</strong></span> <span class='ocrx_word' id='word_1_274' title='bbox 879 2412 1044 2466; x_wconf 88' lang='lat' dir='ltr'><strong>pendet</strong></span> <span class='ocrx_word' id='word_1_275' title='bbox 1064 2412 1275 2465; x_wconf 86' lang='lat' dir='ltr'><strong>genuinus</strong></span> <span class='ocrx_word' id='word_1_276' title='bbox 1290 2412 1378 2453; x_wconf 92' lang='lat' dir='ltr'><strong>loci</strong></span> <span class='ocrx_word' id='word_1_277' title='bbox 1396 2424 1569 2463; x_wconf 86' lang='lat' dir='ltr'><strong>sensus,</strong></span> <span class='ocrx_word' id='word_1_278' title='bbox 1584 2412 1658 2453; x_wconf 75' lang='lat' dir='ltr'><strong>de-</strong></span> 
     </span>
     <span class='ocr_line' id='line_1_33' title="bbox 193 2475 1656 2533; baseline 0.003 -17"><span class='ocrx_word' id='word_1_279' title='bbox 193 2475 336 2528; x_wconf 88' lang='lat' dir='ltr'><strong>betur,</strong></span> <span class='ocrx_word' id='word_1_280' title='bbox 358 2483 410 2519; x_wconf 93' lang='lat' dir='ltr'><strong>ut</strong></span> <span class='ocrx_word' id='word_1_281' title='bbox 444 2479 553 2529; x_wconf 79' lang='lat' dir='ltr'><strong>dixi,</strong></span> <span class='ocrx_word' id='word_1_282' title='bbox 575 2480 736 2521; x_wconf 87' lang='lat' dir='ltr'><strong>illustri</strong></span> <span class='ocrx_word' id='word_1_283' title='bbox 760 2479 1000 2530; x_wconf 89' lang='lat' dir='ltr'><strong>Obrechto,</strong></span> <span class='ocrx_word' id='word_1_284' title='bbox 1032 2492 1161 2532; x_wconf 92' lang='lat' dir='ltr'><strong>quem</strong></span> <span class='ocrx_word' id='word_1_285' title='bbox 1183 2479 1239 2519; x_wconf 85' lang='lat' dir='ltr'><strong>ad</strong></span> <span class='ocrx_word' id='word_1_286' title='bbox 1273 2478 1520 2532; x_wconf 86' lang='lat' dir='ltr'><strong>Epistolam</strong></span> <span class='ocrx_word' id='word_1_287' title='bbox 1543 2479 1656 2533; x_wconf 92' lang='lat' dir='ltr'><strong>Sep-</strong></span> 
     </span>
     <span class='ocr_line' id='line_1_34' title="bbox 193 2542 1653 2601; baseline 0.002 -18"><span class='ocrx_word' id='word_1_288' title='bbox 193 2542 306 2585; x_wconf 89' lang='lat' dir='ltr'><strong>timii</strong></span> <span class='ocrx_word' id='word_1_289' title='bbox 324 2544 456 2585; x_wconf 90' lang='lat' dir='ltr'><strong>velim</strong></span> <span class='ocrx_word' id='word_1_290' title='bbox 478 2546 650 2588; x_wconf 89' lang='lat' dir='ltr'><strong>videas.</strong></span> <span class='ocrx_word' id='word_1_291' title='bbox 711 2547 918 2589; x_wconf 88' lang='lat' dir='ltr'><strong>Ceterum</strong></span> <span class='ocrx_word' id='word_1_292' title='bbox 941 2546 1062 2601; x_wconf 90' lang='lat' dir='ltr'><strong>quod</strong></span> <span class='ocrx_word' id='word_1_293' title='bbox 1094 2546 1215 2599; x_wconf 81' lang='lat' dir='ltr'><strong>apud</strong></span> <span class='ocrx_word' id='word_1_294' title='bbox 1248 2546 1433 2586; x_wconf 83' lang='lat' dir='ltr'><strong>Suidam</strong></span> <span class='ocrx_word' id='word_1_295' title='bbox 1465 2546 1653 2598; x_wconf 83' lang='lat' dir='ltr'><strong>legimus</strong></span> 
     </span>
     <span class='ocr_line' id='line_1_35' title="bbox 193 2608 1652 2666; baseline 0.003 -16"><span class='ocrx_word' id='word_1_296' title='bbox 193 2608 362 2664; x_wconf 89' lang='lat' dir='ltr'><strong>Dictyn</strong></span> <span class='ocrx_word' id='word_1_297' title='bbox 393 2615 584 2655; x_wconf 88' lang='lat' dir='ltr'><strong>‘novem</strong></span> <span class='ocrx_word' id='word_1_298' title='bbox 616 2614 742 2656; x_wconf 88' lang='lat' dir='ltr'><strong>libris</strong></span> <span class='ocrx_word' id='word_1_299' title='bbox 760 2614 769 2631; x_wconf 94' lang='lat'>&#39;</span> <span class='ocrx_word' id='word_1_300' title='bbox 798 2615 893 2657; x_wconf 85' lang='lat' dir='ltr'><strong>haec</strong></span> <span class='ocrx_word' id='word_1_301' title='bbox 924 2617 1175 2661; x_wconf 85' lang='lat' dir='ltr'><strong>executum,</strong></span> <span class='ocrx_word' id='word_1_302' title='bbox 1206 2625 1309 2653; x_wconf 89' lang='lat' dir='ltr'><strong>cum</strong></span> <span class='ocrx_word' id='word_1_303' title='bbox 1336 2612 1578 2666; x_wconf 91' lang='lat' dir='ltr'><strong>Septimius</strong></span> <span class='ocrx_word' id='word_1_304' title='bbox 1610 2614 1652 2655; x_wconf 90' lang='lat' dir='ltr'><strong>ei</strong></span> 
     </span>
    </p>
   </div>
   <div class='ocr_carea' id='block_1_3' title="bbox 192 2676 1649 2734">
    <p class='ocr_par' dir='ltr' id='par_1_4' title="bbox 192 2676 1649 2734">
     <span class='ocr_line' id='line_1_36' title="bbox 192 2676 1649 2734; baseline 0.004 -18"><span class='ocrx_word' id='word_1_305' title='bbox 192 2676 382 2719; x_wconf 88' lang='lat' dir='ltr'><strong>tribuere</strong></span> <span class='ocrx_word' id='word_1_306' title='bbox 403 2679 609 2722; x_wconf 86' lang='lat' dir='ltr'><strong>videatur</strong></span> <span class='ocrx_word' id='word_1_307' title='bbox 642 2681 822 2723; x_wconf 90' lang='lat' dir='ltr'><strong>‘decem</strong></span> <span class='ocrx_word' id='word_1_308' title='bbox 855 2680 1020 2732; x_wconf 88' lang='lat' dir='ltr'><strong>libros,&#39;</strong></span> <span class='ocrx_word' id='word_1_309' title='bbox 1050 2680 1154 2721; x_wconf 88' lang='lat' dir='ltr'><strong>dum</strong></span> <span class='ocrx_word' id='word_1_310' title='bbox 1193 2681 1206 2700; x_wconf 95' lang='lat'>‘</span> <span class='ocrx_word' id='word_1_311' title='bbox 1228 2679 1425 2732; x_wconf 89' lang='lat' dir='ltr'><strong>priorum</strong></span> <span class='ocrx_word' id='word_1_312' title='bbox 1450 2679 1649 2734; x_wconf 86' lang='lat' dir='ltr'><strong>quinque</strong></span> 
     </span>
    </p>
   </div>
   <div class='ocr_carea' id='block_1_4' title="bbox 190 2743 1649 2797">
    <p class='ocr_par' dir='ltr' id='par_1_5' title="bbox 190 2743 1649 2797">
     <span class='ocr_line' id='line_1_37' title="bbox 190 2743 1649 2797; baseline 0.003 -12"><span class='ocrx_word' id='word_1_313' title='bbox 190 2743 468 2789; x_wconf 79' lang='lat' dir='ltr'><strong>voluminum</strong></span> <span class='ocrx_word' id='word_1_314' title='bbox 490 2748 681 2791; x_wconf 89' lang='lat' dir='ltr'><strong>eundem</strong></span> <span class='ocrx_word' id='word_1_315' title='bbox 712 2763 760 2791; x_wconf 87' lang='lat' dir='ltr'><strong>se</strong></span> <span class='ocrx_word' id='word_1_316' title='bbox 789 2762 1019 2791; x_wconf 87' lang='lat' dir='ltr'><strong>numerum</strong></span> <span class='ocrx_word' id='word_1_317' title='bbox 1041 2759 1257 2797; x_wconf 83' lang='lat' dir='ltr'><strong>servasse,</strong></span> <span class='ocrx_word' id='word_1_318' title='bbox 1278 2746 1458 2788; x_wconf 88' lang='lat' dir='ltr'><strong>residua</strong></span> <span class='ocrx_word' id='word_1_319' title='bbox 1472 2745 1482 2762; x_wconf 90' lang='lat'><em>&#39;</em></span> <span class='ocrx_word' id='word_1_320' title='bbox 1501 2754 1649 2790; x_wconf 87' lang='lat' dir='ltr'><strong>autem</strong></span> 
     </span>
    </p>
   </div>
  </div>
 </body>
</html>
