1915 3231
728 375 790 403 Du
827 374 996 405 nxcm.
1028 372 1196 404 TROJAE
1232 373 1428 404 Hls'roR.
1714 364 1799 407 299

348 471 583 520 rogaverat
614 467 747 516 misit,
773 469 848 520 qui
881 481 980 508 cum
1015 467 1108 508 suis
1140 466 1393 506 hominibus
1427 479 1527 506 cum
1563 467 1797 517 venissent,

345 534 534 588 profecti
563 539 667 574 sunt
696 535 740 574 in
775 534 1035 589 Phrygiam:
1067 538 1110 575 et
1141 532 1199 574 ad
1229 533 1409 585 Sigeum
1437 538 1570 573 noctu
1604 546 1798 575 accesse-

346 604 454 641 runt.
516 599 624 640 Inde
648 599 879 648 Hercules,
909 599 1138 650 Telamon,
1167 602 1211 640 et
1232 599 1393 640 Peleus
1413 600 1657 640 exercitum
1678 613 1702 640 e
1722 614 1798 642 na-

343 667 474 708 vibus
495 666 773 709 eduxerunt:
793 668 870 721 qui
893 680 992 708 vero
1012 667 1222 720 praesidio
1239 670 1399 716 essent,
1422 666 1668 716 Castorem,
1690 667 1798 708 Pol-

340 734 504 784 lucem,
525 738 568 775 et
590 734 825 775 Nestorem
840 740 857 765 P
878 734 1165 787 reliquerunt.
1199 733 1457 774 Laomedon
1479 746 1582 774 cum
1601 735 1795 787 equestri

340 801 472 854 copia
492 800 547 841 ad
570 814 688 842 mare
708 801 842 851 venit,
865 805 910 841 et
932 802 1074 855 coepit
1096 800 1305 854 praeliari.
1365 800 1587 841 Hercules
1609 800 1666 840 ad
1685 799 1796 842 Tro-

332 868 428 922 jam
449 868 573 917 ierat,
606 873 652 908 et
684 867 979 922 imprudentes
1003 868 1079 921 qui
1113 870 1234 908 erant
1262 867 1305 907 in
1336 867 1504 920 oppido
1541 879 1795 920 oppugnare

339 935 490 988 coepit.
550 934 683 986 Quod
705 935 780 975 ubi
798 934 1086 975 Laomedonti
1111 935 1201 987 regi
1217 935 1464 975 nuntiatum
1483 937 1561 979 est,
1577 934 1794 986 oppidum

337 1003 393 1042 ab
413 1002 618 1044 hostibus
640 1003 900 1056 oppugnari,
924 1002 1059 1042 Ilium
1082 1002 1186 1043 ilico
1208 1001 1466 1042 revertitur:
1497 1005 1543 1041 et
1570 1001 1615 1041 in
1642 1001 1794 1041 itinere

338 1069 495 1110 obvius
518 1069 689 1111 Graecis
712 1069 868 1117 factus,
888 1069 944 1110 ab
968 1069 1161 1109 Hercule
1184 1068 1412 1109 occiditur.
1472 1068 1687 1108 Telamon
1707 1068 1794 1121 pri-

335 1148 436 1177 mus
457 1136 669 1190 oppidum
683 1141 699 1165 ‘¹
719 1135 854 1176 Ilium
874 1136 1052 1178 intravit
1071 1149 1081 1176 :
1105 1135 1178 1176 cui
1200 1134 1421 1176 Hercules
1438 1135 1612 1176 virtutis
1634 1140 1794 1176 causar

335 1202 583 1244 Hesionam
616 1203 937 1244 Laomedontis
967 1203 1081 1256 regis
1111 1202 1248 1243 filiam
1269 1202 1387 1243 dono
1412 1201 1546 1243 dedit.
1604 1201 1791 1242 Laome-

334 1269 480 1311 dontis
499 1270 579 1311 filii
601 1271 676 1324 qui
698 1284 797 1312 cum
819 1284 870 1311 eo
890 1276 1017 1312 erant
1037 1270 1307 1312 occiduntur.
1354 1270 1564 1312 Priamus
1585 1269 1630 1309 in
1651 1268 1791 1322 Phry-

332 1337 405 1389 gia
426 1342 548 1387 erat,S
578 1339 653 1379 ubi
675 1350 771 1379 eum
793 1338 1050 1380 Laomedon
1072 1337 1169 1392 ejus
1200 1342 1327 1391 pater
1348 1337 1559 1377 exercitui
1580 1335 1789 1390 praefece-

331 1407 411 1444 rat.
472 1405 693 1447 Hercules
720 1410 766 1446 et
787 1407 862 1459 qui
893 1420 992 1447 cum
1027 1419 1079 1447 eo
1115 1407 1320 1447 venerant
1353 1404 1549 1458 praedam
1585 1415 1788 1455 magnam

329 1469 544 1522 fecerunt,
575 1478 621 1514 et
653 1472 711 1513 ad
745 1486 884 1514 naves
905 1473 1261 1526 deportaverunt.
1322 1471 1432 1512 Inde
1455 1470 1632 1512 domum
1655 1469 1787 1523 profi-

330 1536 440 1578 cisci
460 1538 757 1580 decreverunt.
796 1539 876 1594 [4.]
897 1539 1110 1580 Telamon
1127 1538 1377 1579 Hesionam
1400 1551 1551 1579 secum
1567 1537 1786 1579 convexit.

330 1603 435 1645 Hoc
457 1606 534 1646 ubi
556 1605 732 1646 Priamo
763 1607 1012 1647 nuntiatum
1035 1611 1120 1656 est,
1149 1611 1320 1660 patrem
1342 1605 1557 1654 occisum,
1580 1605 1701 1645 cives
1721 1603 1788 1643 di-

327 1675 492 1724 reptos,
513 1672 706 1725 praedam
729 1677 943 1722 avectam,
975 1673 1222 1714 Hesionam
1254 1684 1446 1712 sororem
1476 1670 1591 1712 dono
1621 1671 1785 1720 datam,

983 1814 1127 1845 NOTAE

368 1899 385 1921 Ρ
410 1895 580 1935 Castorem,
607 1897 777 1937 Pollucem,
796 1901 826 1928 et
849 1897 1030 1938 Nestorem]

324 1944 525 1986 Apollodor.
555 1947 677 1978 scribit
708 1947 843 1979 Oiclem
873 1949 1029 1980 relictum

323 1994 444 2031 fuisse,
462 2001 498 2027 ut
511 2006 614 2027 naves
634 2002 818 2028 tutaretur.

367 2050 381 2071 ί1
397 2045 540 2077 Telamon
550 2047 671 2086 primus
681 2048 836 2088 oppidwn,
848 2049 915 2089 lisa]
932 2049 1027 2080 Idem

323 2094 563 2135 Apollodorus,
577 2105 616 2127 n.
634 2097 809 2138 additque,
823 2098 855 2128 id
874 2109 965 2138 aegre
979 2099 1027 2130 fe-

324 2150 453 2177 rentem
481 2146 667 2178 Herculem
696 2153 791 2179 recta
808 2149 848 2179 ad
874 2149 1027 2180 Telamo-

322 2206 397 2227 nem
423 2196 535 2237 ivisse,
554 2202 590 2228 ut
614 2207 690 2228 eum
708 2198 905 2237 occideret;
936 2199 1026 2240 quod

322 2257 396 2277 cum
414 2247 575 2278 Telamon
595 2247 906 2284 animadvertisset,
926 2259 1024 2290 prox-

322 2298 405 2328 imos
419 2307 568 2338 quosque
584 2297 714 2338 lapides
728 2299 889 2340 colligere
906 2309 1023 2340 aggre-

320 2347 424 2383 ditur,
462 2346 673 2388 Herculique
711 2348 870 2388 quidnam
905 2354 1023 2389 ageret

321 2397 560 2436 percunctanti
587 2398 777 2437 respondit,
800 2409 836 2430 se
857 2409 946 2430 aram
965 2410 1021 2430 ex-

320 2447 428 2478 citare
445 2447 589 2478 Herculi
606 2446 797 2489 Καλλινίκῳ,
816 2448 848 2479 id
866 2453 930 2487 est,
949 2450 1020 2491 pul-

318 2498 401 2528 chro
419 2497 550 2528 victori.

363 2554 375 2568 ¹'
400 2548 460 2579 Cui
478 2548 630 2580 Hercules
644 2549 773 2581 virtutis
785 2550 894 2590 causa]
921 2550 1024 2591 Apol-

319 2598 427 2631 lodor.
464 2601 624 2639 Τελαμῶνι
638 2600 791 2641 ἀριστεῖον
807 2600 954 2639 Ἡσιόνην
967 2602 1026 2638 τὴν

318 2649 530 2688 Λαομέδοντος
563 2650 716 2692 θυγατέρα
748 2651 861 2683 δίδωσι.
900 2653 909 2669 ‘
924 2652 1023 2683 Tela-

318 2701 408 2731 moni
446 2701 621 2741 praemium
662 2702 797 2733 virtutis
836 2701 1020 2734 Hesionam

319 2749 559 2782 Laomedontis
572 2751 672 2782 filiam
691 2751 809 2783 dedit?

360 2804 370 2817 ⁵
394 2800 542 2832 Priamus
550 2801 583 2832 in
594 2802 738 2842 Phrygia
748 2801 834 2842 erat]
860 2800 1020 2832 Abfuisse

318 2849 502 2891 Priamum,
538 2863 613 2883 cum
643 2852 778 2893 Trojam
810 2854 1020 2892 expugnavit

320 2899 501 2941 Hercules,
528 2902 613 2934 dicit
640 2904 765 2942 Dares,
793 2904 908 2935 nescio
937 2913 1019 2944 quos

1085 1902 1245 1930 auctores
1273 1901 1432 1929 secutus:
1467 1905 1544 1927 nam
1569 1896 1624 1927 alii
1647 1905 1722 1927 eum
1741 1896 1784 1928 ab

1084 1948 1234 1979 Hercule
1251 1947 1426 1988 captivum
1444 1945 1570 1977 factum
1592 1951 1732 1977 narrant
1747 1952 1785 1978 et

1083 1998 1126 2029 ab
1143 1998 1296 2029 Hesiona
1311 2005 1426 2027 sorore
1446 1995 1633 2027 liberatum.
1680 1995 1786 2036 Apol-

1082 2048 1190 2080 lodor.
1204 2057 1244 2079 ιι.
1291 2047 1454 2087 Suspicor
1470 2046 1534 2077 hoc
1549 2046 1699 2077 hausisse
1714 2048 1783 2078 Da-

1084 2104 1191 2130 retem
1208 2107 1250 2129 ex
1268 2097 1370 2128 Hom·
1387 2096 1428 2127 11.
1445 2100 1476 2127 Γ.
1492 2095 1547 2126 ubi
1565 2096 1718 2127 Priamus
1734 2096 1783 2127 di-

1082 2149 1140 2188 cit,
1156 2158 1191 2179 se
1207 2148 1285 2179 olim
1307 2148 1340 2178 in
1363 2146 1515 2186 Phrygia
1537 2152 1658 2177 contra
1682 2147 1782 2177 Ama-

1082 2209 1181 2230 zonas
1211 2206 1399 2239 pugnasse:
1437 2197 1512 2237 ejus
1542 2196 1645 2227 verba
1674 2202 1754 2228 sunt
1772 2208 1780 2228 ;

1074 2249 1154 2286 ’Ἤδη
1167 2248 1217 2279 καὶ
1230 2246 1361 2289 Φρυγίην
1373 2245 1536 2283 εἰσήλυθον
1547 2245 1782 2286 ἀμπελόεσσαν,

1075 2299 1171 2331 Ἔνθα
1185 2299 1251 2330 ἴδον
1265 2297 1435 2329 πλείστους
1444 2296 1577 2338 Φρύγας,
1593 2296 1702 2337 ἀνέρας
1718 2297 1780 2328 αἶα--

1077 2350 1252 2390 λοπώλους,
1269 2348 1368 2380 Λαοὺς
1390 2350 1521 2390 Ὀτρῆος
1543 2349 1593 2379 καὶ
1618 2348 1782 2389 Μύγδονος

1076 2399 1240 2440 ἀντιθέοιο,
1261 2399 1303 2430 O‘l
1323 2399 1361 2438 ῥα
1380 2398 1445 2430 τότ’
1473 2398 1686 2438 ἐστρατόωντο
1711 2405 1783 2440 παρ’

1077 2451 1171 2490 ὄχθας
1188 2449 1391 2491 Σαγγαρίοιο,
1407 2449 1466 2480 Καὶ
1486 2449 1548 2489 γὰρ
1564 2450 1644 2489 ἐγὼν
1659 2449 1779 2482 ἐπίκου-

1077 2515 1127 2543 ρος
1143 2503 1199 2533 ἐὼν
1212 2500 1292 2540 μετὰ
1305 2502 1405 2532 τοῖσιν
1421 2499 1571 2541 ἐλέχθην,
1581 2500 1698 2539 ’Ἦματι
1720 2503 1778 2541 τῷ,

1079 2552 1132 2583 ὅτε
1147 2551 1243 2589 ἦλθον
1257 2550 1426 2591 Ἀμαζόνες
1440 2549 1636 2591 ἀντιάνειραι.
1679 2552 1689 2568 ‘
1699 2551 1721 2583 J
1725 2562 1778 2582 am

1078 2604 1157 2635 olim
1169 2603 1355 2643 Phrygiam
1372 2602 1497 2633 intravi
1513 2601 1696 2638 vitiferam,
1710 2602 1778 2633 Ubi

1079 2653 1148 2684 vidi
1161 2654 1285 2684 multos
1299 2652 1454 2693 Phrygas
1464 2657 1618 2683 strenuos
1634 2652 1779 2692 equites,

1078 2703 1230 2744 Populos
1255 2701 1356 2734 Otrei
1381 2706 1417 2732 et
1432 2701 1617 2742 Mygdonis
1631 2701 1779 2741 augusti,

1076 2754 1143 2786 Qui
1161 2757 1242 2784 tunc
1259 2751 1435 2784 bellabant
1451 2751 1492 2783 ad
1507 2750 1597 2792 ripas
1610 2751 1779 2791 Sangam,

1076 2802 1191 2843 Atque
1217 2811 1279 2843 ego
1306 2801 1480 2832 auxiliaris
1509 2800 1658 2831 existens
1684 2800 1776 2831 inter

1076 2863 1132 2884 eos
1154 2857 1351 2884 numeratus
1375 2852 1436 2892 fui,
1462 2852 1531 2883 Die
1556 2852 1614 2883 illo
1639 2851 1774 2893 quande

1075 2907 1240 2934 venerunt
1256 2901 1443 2934 Amazones
1460 2901 1653 2942 viragines:
