1915 3231
272 294 328 332 48
619 304 723 334 JAC.
759 302 1010 334 PERIZONH
1050 302 1377 333 DISSERTATlo

273 400 318 437 et
345 397 529 450 copiose
561 396 883 438 confutavimus
913 397 955 437 in
979 396 1297 450 superioribus.
1358 395 1427 436 De
1459 394 1536 435 illo
1573 398 1722 435 autem

272 464 480 517 Prologo,
504 477 637 517 quem
657 464 796 504 solum
818 464 863 504 in
896 463 989 504 suis
1011 464 1075 504 ait
1105 462 1283 516 reperiri
1305 461 1440 503 Mstis
1462 460 1722 511 Codicibus,

270 530 426 571 lubens
446 530 601 570 iverim
622 531 667 570 in
688 530 950 570 sententiam
974 529 1236 582 amplissimi
1251 527 1478 577 Obrechti,
1501 527 1578 580 qui
1597 527 1722 568 illum

272 597 430 639 Graece
449 597 649 650 primitus
672 596 901 648 scriptum,
924 600 969 635 et
994 593 1155 635 Graeco
1178 594 1331 647 Dictyi
1355 593 1632 647 praemissum
1652 593 1722 634 fu-

271 664 363 705 isse
387 664 636 705 arbitratur.
695 662 767 703 lta
785 675 887 703 vero
909 666 952 703 et
977 661 1052 702 ille
1078 674 1135 702 ex
1157 661 1319 702 Graeco
1341 660 1493 701 debuit
1523 672 1722 701 sermone

270 732 315 772 in
332 730 535 772 Latinum
550 742 649 771 esse
664 729 1021 779 translatus,non
1041 733 1188 769 tamen
1208 741 1233 769 a
1256 728 1489 781 Septimio,
1508 727 1673 781 quippe
1694 739 1721 768 a

271 811 359 852 quo
380 798 424 838 in
444 796 709 850 quibusdam
731 796 776 836 in
796 796 970 838 diversa
991 795 1099 846 abit,
1120 799 1163 837 et
1187 795 1314 848 cujus
1327 795 1499 836 idcirco
1519 799 1719 848 tempore

269 863 460 906 nondum
479 864 680 904 extitisse
703 861 892 912 videtur,
914 865 1032 903 certe
1053 874 1140 903 non
1169 863 1212 903 in
1233 863 1438 904 omnibus
1459 862 1721 915 exemplari-

270 932 370 981 bus,
392 943 536 983 neque
558 929 670 970 adeo
690 929 735 969 in
756 929 827 978 iis,
851 942 950 982 quae
973 929 1017 969 in
1039 929 1242 982 Septimii
1263 942 1416 970 manus
1437 929 1718 970 devenerunt.

271 998 401 1039 Patet
427 996 529 1037 inde
565 1008 697 1049 quam
726 995 841 1036 male
872 995 1002 1047 igitur
1032 1008 1132 1036 eum
1164 994 1256 1036 Leo
1276 994 1471 1036 Allatius
1497 1008 1578 1049 pro
1599 995 1719 1036 illius

271 1076 450 1118 quoque
471 1062 639 1116 prologi
660 1065 841 1102 auctore
862 1061 1044 1110 habeat,
1077 1064 1121 1102 et
1155 1061 1256 1102 ideo
1277 1062 1365 1102 sibi
1385 1062 1561 1102 incaute
1590 1062 1718 1102 nimis

270 1131 507 1180 adversari,
530 1131 574 1171 in
606 1129 798 1181 Prologo
820 1128 918 1170 scil.
937 1132 980 1169 et
1010 1127 1232 1181 Epistola,
1249 1132 1386 1182 putet,
1408 1129 1462 1169 de
1494 1128 1594 1169 Pat.
1618 1128 1716 1169 Ho-

268 1196 379 1240 meri
399 1197 468 1238 59.
512 1196 608 1250 Ego
626 1208 726 1237 vero
749 1196 988 1247 Prologum
1009 1194 1125 1235 hunc
1139 1196 1194 1236 ab
1210 1196 1361 1248 ignoto
1381 1196 1509 1236 nobis
1528 1195 1719 1245 homine,

270 1270 316 1307 et
350 1265 517 1306 incerto
552 1266 746 1316 tempore
784 1266 832 1303 ut
860 1262 1092 1302 formatum
1123 1263 1278 1315 primo,
1309 1263 1372 1303 ita
1402 1262 1501 1303 dein
1541 1263 1596 1304 ab
1626 1263 1717 1304 alio

269 1333 401 1374 etiam
424 1344 597 1373 versum
619 1330 779 1371 Latine
809 1329 1081 1379 crediderim,
1110 1329 1215 1383 quia
1247 1329 1373 1382 plura
1403 1329 1460 1370 ad
1490 1329 1719 1371 historiam

270 1399 438 1441 inventi
460 1397 616 1452 Operis
636 1397 900 1451 pertinentia
921 1397 1189 1446 continebat,
1208 1410 1340 1451 quam
1373 1396 1575 1451 Septimii
1599 1397 1718 1439 illius

270 1466 486 1521 Epistola.
547 1465 663 1515 Quae
689 1469 735 1505 et
765 1477 904 1505 causa
937 1465 1085 1505 forsan
1105 1463 1201 1513 fuit,
1223 1477 1359 1518 quare
1389 1463 1435 1504 in
1453 1464 1718 1517 quibusdam

271 1533 400 1576 codd.
422 1546 509 1574 non
521 1532 777 1586 reperiatur,
798 1532 840 1572 in
854 1531 952 1572 aliis
974 1543 1078 1572 vero
1100 1530 1253 1585 ejectae
1274 1531 1479 1586 Septimii
1499 1531 1717 1585 Epistolae

272 1601 331 1643 sit
357 1599 637 1642 substitutus.

329 1677 482 1708 XXXI.
515 1666 717 1707 Ceterum
750 1665 973 1719 Interpres
1003 1665 1094 1716 ille,
1115 1666 1316 1720 quisquis
1344 1666 1444 1716 fuit,
1467 1678 1717 1707 accommo-

271 1734 400 1776 dasse
421 1737 565 1774 tamen
594 1746 694 1773 eum
721 1732 890 1773 videtur
911 1733 967 1773 ad
990 1732 1192 1774 Latinam
1211 1734 1321 1774 hanc
1345 1734 1529 1787 Dictyos
1549 1733 1718 1774 versio-

269 1815 387 1852 nem,
407 1799 622 1853 siquidem
653 1804 877 1840 auctorem
912 1800 1059 1853 ipsum
1088 1800 1134 1841 in
1167 1813 1248 1841 sex
1278 1804 1448 1841 tantum
1476 1800 1716 1849 volumina,

271 1872 379 1923 quot
407 1871 506 1909 sunt
535 1867 664 1921 hujus
694 1866 923 1916 versionis,
963 1867 1191 1908 historiam
1224 1867 1466 1919 digessisse
1505 1867 1583 1917 ait,
1615 1880 1716 1908 cum

271 1936 458 1978 Graecus
492 1934 653 1988 Dictys
677 1934 800 1974 illius
834 1934 1033 1975 Praxeos
1054 1934 1100 1974 in
1131 1947 1292 1975 novem
1321 1934 1450 1974 fuerit
1470 1934 1537 1975 vel
1558 1933 1715 1975 decem

269 2002 492 2046 volumina
512 2001 699 2051 divisus,
718 2005 766 2042 ut
785 2013 842 2042 ex
865 2001 1066 2054 Septimii
1090 2001 1292 2056 Epistola
1312 2006 1356 2043 et
1375 2002 1512 2042 Suida
1528 2004 1717 2043 constat.

271 2068 361 2112 Sed
381 2073 426 2109 et
449 2069 609 2109 erravit
640 2072 797 2109 auctor
829 2068 950 2109 illius
973 2069 1150 2121 Prologi
1180 2068 1223 2109 in
1254 2081 1322 2119 eo,
1347 2068 1466 2121 quod
1502 2069 1562 2109 ait
1595 2067 1718 2122 ‘jus-

271 2134 416 2178 sisse’
447 2135 669 2176 Neronem
705 2135 780 2175 ‘in
812 2134 1020 2176 Graecum
1062 2147 1307 2176 sermonem
1347 2136 1431 2176 ista
1462 2133 1717 2185 transferri,'

271 2203 397 2257 quasi
427 2202 516 2243 alio
549 2202 740 2243 fuissent
785 2215 981 2243 sermone
1017 2202 1288 2256 conscripta.
1349 2201 1536 2243 Rectius
1568 2201 1716 2256 Septi-

269 2270 386 2313 mius
422 2269 703 2309 ‘Orationem
742 2269 878 2310 fuisse
911 2268 1141 2310 Graecam'
1173 2269 1370 2318 affirmat,
1403 2268 1594 2310 ‘literis’
1622 2273 1716 2310 tan-

269 2342 360 2380 tum
392 2339 405 2357 ‘
423 2335 606 2376 Punicis
626 2335 947 2389 conscriptam,'
969 2335 1086 2389 quod
1118 2336 1264 2389 ipsum
1294 2336 1444 2389 utique
1465 2335 1563 2389 ipse
1583 2335 1715 2376 etiam

270 2409 426 2446 auctor
455 2402 600 2456 operis
630 2416 721 2456 prae
743 2415 790 2443 se
813 2404 898 2444 fert
935 2403 1012 2444 lib.
1036 2414 1078 2444 V.
1103 2416 1203 2456 cap.
1226 2404 1294 2445 17.
1356 2401 1428 2443 An
1449 2414 1551 2456 ergo
1571 2401 1715 2443 voluit

271 2471 500 2522 Prologus,
522 2469 626 2521 quia
657 2470 803 2510 forsan
826 2469 1031 2510 obsoleto
1067 2473 1111 2510 et
1140 2470 1328 2511 barbaro
1359 2470 1495 2510 ferme
1515 2481 1712 2509 sermone

268 2537 451 2578 historia
471 2535 568 2576 haec
599 2537 802 2577 consulto
823 2536 905 2577 fuit
931 2550 958 2577 a
980 2536 1172 2577 Praxide
1199 2536 1467 2589 composita,
1489 2535 1715 2576 redactam

269 2617 365 2644 eam
382 2604 513 2657 jussu
546 2602 751 2653 Neronis,
773 2604 961 2645 sublatis
981 2604 1069 2645 illis
1089 2604 1299 2645 obsoletis
1327 2607 1373 2643 et
1391 2602 1646 2656 peregrinis,
1666 2602 1713 2642 iu

270 2671 454 2710 nitorem
475 2669 638 2722 linguae
659 2674 759 2711 tunc
775 2671 1000 2720 usitatum,
1016 2683 1144 2723 aeque
1164 2682 1216 2710 ac
1231 2669 1413 2711 Punicae
1431 2668 1572 2709 literae
1594 2680 1715 2708 com-

269 2739 449 2777 mutatae
480 2741 579 2777 sunt
598 2735 790 2778 Atticis?
852 2738 905 2778 Id
941 2750 1069 2791 paene
1102 2737 1398 2786 credidissem,
1421 2737 1521 2790 quia
1543 2740 1713 2776 cetero-

271 2802 375 2855 quin
403 2803 474 2844 ille
510 2804 727 2857 Prologus
766 2805 922 2846 diserte
956 2805 1086 2846 nimis
1122 2805 1291 2847 auctori
1322 2817 1403 2846 suo
1434 2803 1711 2852 adversatur,
