1915 3231
272 283 356 324 150
739 294 949 324 Dic'rYos
982 293 1254 325 cRE'rssNs1s

275 399 450 440 semper
468 386 538 427 his
551 391 566 417 ⁷
590 385 687 440 jam
707 390 800 427 tum
821 399 848 427 a
869 387 1105 440 majoribus
1125 387 1348 439 provisum
1369 389 1499 440 atque
1519 387 1716 428 elabora-

272 459 380 503 tum,
412 453 477 494 uti
510 453 628 494 facta
662 458 875 506 gestaque
908 467 1056 494 eorum
1089 454 1187 494 laus
1229 453 1380 506 potius
1413 466 1544 506 quam
1581 453 1716 506 culpa

274 524 541 573 sequeretur.
600 520 658 560 Et
676 525 726 560 ut
747 525 848 561 ante
869 518 1118 561 consultagi
1152 520 1370 568 omittam,
1391 519 1476 560 hoc
1500 520 1594 574 jam
1613 519 1718 560 licet

270 600 317 627 re
349 592 674 639 cognoscerez9
712 587 880 640 injuriis
913 587 1280 640 contumeliisque
1310 585 1554 627 Alexandri
1583 585 1717 639 paulo

272 658 374 694 ante
395 654 508 694 laesa
528 652 723 702 Graecia,
756 667 841 694 non
870 654 926 694 ad
947 654 1036 694 vim
1068 667 1210 706 neque
1242 653 1299 694 ad
1334 665 1452 694 arma
1484 652 1717 693 decursum

272 724 355 769 est,
377 720 498 773 quod
523 719 761 759 iracundiae
783 720 995 771 refugium
1019 733 1117 760 esse
1138 720 1263 760 solet.
1325 720 1444 762 Nam
1464 719 1517 760 de
1539 718 1718 760 consilii

272 787 501 835 sententia,
521 786 655 838 legati
685 786 740 826 ad
772 787 1067 838 recipiendam
1091 787 1327 836 Helenam,
1358 792 1409 827 ut
1434 785 1718 835 meministis,

272 866 371 894 cum
384 852 587 892 Menelao
603 852 826 893 venimus:
851 853 1027 904 quibus,
1045 858 1205 905 praeter
1224 854 1436 906 superbas
1449 851 1466 874 ¹⁵
1484 852 1718 894 verborum

271 923 413 962 minas
434 924 476 960 et
496 919 679 960 insidias
701 920 916 970 occultas,
949 921 1057 960 nihil
1090 934 1117 961 a
1151 921 1332 963 Priamo
1361 935 1501 976 neque
1537 921 1592 961 ab
1621 919 1718 974 ejus

271 985 452 1041 regulis¹
491 987 718 1026 remissum
755 992 857 1028 est.¹
919 987 1182 1041 Imperfecta
1216 989 1345 1041 igitur
1372 1002 1433 1038 re,
1468 993 1515 1028 ut
1548 987 1719 1040 opinor,

273 1066 551 1107 consequens
571 1053 654 1093 suit
676 1067 798 1093 arma
819 1066 1005 1106 capere3
1028 1054 1192 1107 jusque
1219 1067 1297 1107 per
1323 1055 1410 1095 vim
1441 1059 1719 1107 extorquere,

274 1121 395 1175 quod
435 1121 574 1161 amice
612 1121 844 1173 impetrare
882 1121 1110 1173 nequitum
1148 1125 1261 1161 esum
1327 1121 1490 1174 Itaque
1531 1123 1720 1173 parato²

274 1188 489 1237 exercitu,
511 1200 565 1227 ac
588 1190 653 1227 tot
674 1187 861 1238 egregiis
882 1192 1016 1240 atque
1035 1187 1220 1241 inclytis
1240 1187 1441 1237 ducibus,
1464 1199 1516 1227 ne
1537 1186 1602 1226 sic
1622 1185 1721 1239 qui-

273 1255 372 1296 dem
392 1255 595 1309 praelium
627 1254 860 1294 adversum
882 1266 963 1293 vos
984 1253 1094 1294 inire
1115 1253 1347 1294 consilium
1369 1253 1480 1294 fuit:
1512 1252 1593 1294 sed
1623 1252 1722 1292 imi-

273 1323 356 1363 tati
390 1335 570 1371 morem,
601 1320 954 1373 modestiamque
994 1320 1187 1369 solitam,
1222 1320 1381 1361 iterato
1423 1319 1478 1360 ad
1512 1323 1623 1360 vos¹¹
1661 1319 1719 1358 ob

274 1390 458 1430 eandem
490 1401 673 1429 causam
708 1391 877 1427 oratum
909 1387 1116 1427 venimus.
1175 1385 1336 1427 Cetera
1358 1386 1401 1426 in
1424 1399 1552 1426 manu
1575 1389 1723 1425 vestra

275 1457 365 1497 sita
385 1460 500 1504 sunt,
517 1454 725 1508 Trojani:
756 1466 899 1506 neque
921 1466 1003 1493 nos
1031 1453 1195 1505 pigebit
1228 1453 1539 1493 consensisse³
1577 1452 1722 1500 vobis,

276 1522 469 1563 simodo
501 1534 610 1562 sana
641 1532 763 1560 mens
795 1525 877 1567 est,
909 1519 1096 1559 decretis
1131 1519 1379 1560 salubribus
1413 1520 1562 1573 priora
1589 1519 1725 1559 male-

277 1589 481 1631 consulta
504 1588 732 1640 corrigere.
791 1584 897 1634 [22]
933 1585 1017 1626 Per
1052 1586 1178 1627 Deos
1214 1586 1484 1627 immortales
1517 1591 1722 1639 reputate

880 1700 1116 1713 eeeeeeeeeeee

276 1785 296 1813 8
321 1781 443 1821 Delph.
467 1779 632 1820 praeterita
648 1780 721 1809 bene
745 1779 894 1809 consulta.
910 1777 942 1807 in
959 1777 1043 1808 Mss.
1058 1788 1076 1808 a
1099 1788 1144 1808 me
1159 1779 1309 1809 consulta.
1353 1777 1515 1817 Vinding.
1543 1778 1724 1818 legendum

277 1830 377 1865 putat
392 1827 422 1854 et
438 1827 472 1854 ut
485 1822 647 1862 praeterita
663 1822 802 1851 consulto
817 1821 1036 1850 omittam-0
1060 1820 1187 1860 Deiph.
1204 1826 1239 1850 et
1255 1821 1355 1859 vulgo
1370 1830 1597 1857 recognoscere,
1613 1825 1622 1838 ‘
1636 1820 1724 1861 quod

280 1866 434 1906 sphalma
464 1867 598 1895 obvium
629 1863 718 1903 apud
746 1862 955 1902 scriptores)
982 1862 1191 1892 Obrecht.—1
1217 1863 1400 1893 Omittitur
1424 1866 1470 1892 est
1494 1863 1526 1892 in
1554 1863 1725 1902 Delph.·-—

276 1912 296 1939 2
313 1908 438 1949 Delpii.
453 1910 590 1947 peracto,
607 1911 643 1937 et
658 1914 735 1935 mox
750 1905 885 1935 exhibet
905 1908 981 1944 post
992 1905 1130 1935 exercitu
1147 1914 1246 1935 voces
1263 1904 1359 1935 totius
1374 1905 1583 1936 Groeciae.—3
1603 1905 1727 1945 Delph.

931 2009 1072 2040 NOTAE

319 2079 328 2099 i
352 2075 558 2120 [Praeterita]
587 2079 658 2106 ante
688 2072 840 2112 consulta]
885 2073 974 2103 Saus

276 2129 401 2161 fuisset
422 2127 561 2165 dixisse,
582 2127 591 2143 ‘
607 2131 687 2156 ante
703 2125 859 2156 consulta
876 2123 974 2154 omit-

279 2178 373 2210 tam.'
399 2177 465 2207 Vel
482 2177 491 2193 ‘
505 2175 682 2216 praeterita
698 2172 873 2204 omittam!
906 2172 973 2203 Sed

278 2234 461 2268 utrumque
475 2226 563 2257 dixit
586 2227 595 2242 ‘
611 2224 786 2265 praeterita
801 2229 879 2254 ante
896 2231 976 2253 con·

279 2277 391 2309 suita?
423 2278 478 2308 Sic
495 2275 505 2292 ‘
517 2274 662 2306 minutos
679 2272 873 2314 pisciculos’
891 2271 977 2302 dixit

279 2329 421 2359 Terent.
458 2326 513 2356 Sic
526 2324 593 2355 alia
607 2324 676 2354 alii.
714 2323 769 2353 Ita
784 2321 872 2352 iufra
888 2321 976 2352 Nos-

280 2384 347 2416 ter,
371 2378 381 2394 ⁴
396 2376 506 2417 priora
519 2372 785 2406 maleconsulia.'

323 2428 338 2448 ¹⁴
363 2426 482 2462 Quibus
503 2427 618 2465 proeter
643 2422 866 2463 superbus,85c.
915 2422 977 2452 Re-

280 2479 407 2510 missum
420 2475 480 2516 est]
497 2474 643 2511 Quibus,
660 2473 681 2505 i.
694 2483 723 2503 e.
739 2471 871 2504 Quibus
889 2472 977 2512 lega-

282 2532 338 2559 tis.
378 2526 554 2557 Remissum
584 2527 642 2558 est,
672 2522 695 2553 i.
723 2531 753 2553 e.
780 2530 976 2561 responsum

282 2582 345 2608 est.
390 2576 514 2615 Neque
539 2573 638 2603 aliter
664 2571 718 2602 hic
744 2571 838 2602 locus
864 2575 978 2611 potest

282 2625 436 2666 intelligi.
481 2623 549 2654 Sed
574 2622 660 2653 male
683 2625 717 2652 et
732 2621 916 2661 improprie
933 2622 978 2651 lo-

283 2677 399 2718 quitur
418 2674 556 2713 Dictys.
595 2670 778 2711 Scripsisse
794 2670 978 2701 debuerat:

284 2727 324 2757 In
339 2734 422 2765 quos
437 2732 456 2754 a
470 2721 626 2763 superbis
644 2720 819 2750 verborum
836 2720 935 2750 minis
947 2724 982 2750 et

287 2776 416 2807 insidiis
441 2772 586 2804 occultis
611 2771 692 2801 nibil
715 2770 854 2801 Priamo
871 2779 981 2810 neque

286 2826 358 2866 ojus
385 2823 512 2865 regulis
536 2820 707 2854 remissum
733 2819 810 2852 est.’
857 2819 897 2850 Id
916 2825 981 2859 est,

1029 2071 1183 2103 Priamus
1210 2077 1312 2114 atque
1337 2073 1410 2113 ejus
1435 2073 1544 2113 reguli
1568 2072 1649 2103 nihil
1669 2082 1724 2103 re-

1030 2123 1193 2154 miserunt
1211 2133 1229 2153 a
1251 2124 1407 2164 superbis
1425 2124 1523 2155 minis
1544 2129 1579 2155 et
1594 2124 1725 2155 insidiis

1029 2173 1185 2208 occultis,
1201 2178 1322 2203 contra
1337 2173 1479 2213 legatos,

1069 2221 1077 2242 ¹
1104 2223 1232 2253 Priamo
1247 2232 1343 2262 neque
1361 2223 1400 2254 ab
1421 2222 1487 2261 ejus
1508 2223 1642 2264 regulis]
1671 2223 1726 2255 De

1030 2273 1155 2313 regulis
1172 2273 1306 2313 quidem
1328 2272 1520 2312 Pri-amidis,
1535 2282 1650 2304 verum
1665 2277 1730 2304 est.

1031 2322 1098 2352 Sed
1115 2322 1158 2352 de
1176 2322 1326 2360 Priamo,
1343 2321 1464 2353 falsum
1480 2332 1489 2360 ;
1513 2327 1550 2353 nt
1571 2327 1668 2363 patet
1683 2333 1727 2354 ex

1032 2371 1131 2402 initio
1156 2371 1214 2403 lib.
1232 2380 1257 2401 1.
1299 2371 1367 2402 Sed
1384 2381 1460 2402 eum
1477 2373 1509 2401 in
1526 2372 1654 2403 crimen
1670 2382 1729 2404 vo-

1032 2428 1089 2453 cat
1104 2423 1257 2462 Utysses,
1274 2427 1310 2453 ut
1326 2421 1439 2453 faveat
1454 2432 1565 2453 causae
1581 2432 1662 2454 suae.

1073 2478 1095 2493 ¹¹¹
1120 2472 1291 2512 Nequitiam
1313 2471 1376 2511 est]
1409 2471 1603 2503 Pacuvius:
1634 2478 1644 2493 ‘
1661 2473 1727 2504 Sed

1031 2532 1106 2554 cum
1123 2521 1282 2552 contendi
1301 2521 1474 2561 nequitum
1497 2521 1544 2560 vi,
1566 2522 1652 2554 clam
1678 2523 1728 2555 in-

1034 2570 1204 2603 tendenda
1220 2575 1271 2600 est
1289 2569 1411 2609 plaga!

1076 2625 1090 2641 ¹¹
1114 2621 1231 2651 Iterato
1251 2621 1292 2651 ad
1312 2620 1380 2660 vos]
1403 2620 1530 2651 Tamen
1558 2626 1635 2661 post
1661 2623 1730 2662 pri-

1033 2681 1120 2702 mam
1148 2669 1353 2710 legationem
1379 2676 1565 2710 pugnatum
1591 2670 1668 2711 fuit,
1696 2672 1730 2702 in

1034 2720 1254 2752 exscensione
1269 2719 1403 2750 navium
1419 2719 1564 2752 scilicet.
1602 2720 1669 2757 Adi
1685 2722 1732 2753 io-

1035 2780 1122 2802 cum.
