1915 3231
278 265 362 305 106

279 368 587 420 sanguinitatis
608 369 818 422 originem
849 371 1106 413 demisisse.⁶

743 276 951 307 DlGTYOS
983 276 1257 308 CRETENSIS

1163 372 1405 425 Postquam
1420 377 1436 402 ⁷
1471 371 1718 413 memoriter

279 439 440 476 cuncta
456 434 675 484 retexuit‚¹
695 437 750 477 ad
773 442 1035 491 postremum
1057 438 1178 488 flens,
1199 442 1362 487 orare,¹¹¹
1388 450 1441 477 ne
1463 449 1529 487 se,
1551 450 1652 490 quae
1672 439 1718 478 in

279 500 414 541 fidem
448 503 581 543 semel
614 503 785 544 illorum
821 510 994 558 recepta
1033 510 1164 554 esset,
1203 503 1473 557 prodendam
1507 507 1719 557 putarent.

281 567 349 607 Ea
369 580 516 608 secum
539 568 671 608 domo
689 569 900 619 Menelai,
924 583 1025 623 quae
1049 571 1225 624 propria
1244 569 1460 618 fuissent,8
1480 570 1584 610 nihil
1607 583 1721 623 prae-

280 637 402 675 terea
437 635 643 675 ablatum.
704 636 792 676 Sed
829 641 973 677 utrum
1007 637 1242 677 immodico
1281 649 1427 677 amore
1462 636 1722 686 Alexandri,

281 712 338 740 an
360 708 625 752 poenarum,9
640 707 657 723 ¹¹
693 715 805 754 quas
827 703 885 743 ob
907 703 1118 744 desertam
1140 703 1314 743 domum
1336 715 1363 743 a
1383 702 1563 755 conjuge
1584 707 1722 743 metu-

282 766 399 815 ebat,
427 767 490 808 ita
521 768 605 808 sibi
627 769 858 808 consulere
892 770 1102 818 maluerit,
1135 782 1288 822 parum
1310 769 1555 809 constabat.

1614 767 1723 822 [iu]

281 830 421 883 Igitur
454 833 660 882 Hecuba,
692 835 868 886 cognita
905 835 1137 885 voluntate,
1171 835 1300 875 simul
1331 836 1387 875 ob
1420 835 1587 886 generis
1618 847 1722 875 con-

274 897 547 949 junctionem
588 900 823 952 complexa
868 901 1102 951 Helenam,
1140 915 1195 942 ne
1233 901 1498 955 proderetur,
1542 901 1722 942 summis

887 1028 1003 1040 eeeeee

1006 1028 1121 1040 oooooo

282 1104 302 1131 6
326 1101 448 1141 Delph.
466 1101 624 1141 Agenoris
649 1103 758 1143 quippe
771 1103 878 1143 filium
900 1103 1080 1134 Phoenicem
1103 1107 1134 1135 et
1159 1103 1270 1134 deinde
1285 1125 1293 1134 .
1309 1125 1317 1134 .
1332 1102 1505 1134 ,(Ιὶυὶείεεε.
1551 1103 1617 1135 Mn.
1635 1114 1721 1135 unus

283 1144 452 1174 Diniae-7
477 1144 567 1174 Ante
581 1149 755 1184 postquam,
770 1146 886 1175 inserit
905 1146 1024 1185 Delpli,
1038 1149 1181 1185 quoe.—8
1198 1145 1289 1176 Ante
1305 1147 1392 1175 domo
1407 1146 1525 1176 inserit
1539 1146 1724 1186 Demade.

284 1189 319 1215 et
330 1190 407 1225 post
418 1186 567 1217 Menelai
582 1196 696 1218 vocem
713 1190 952 1228 ap1>ortata.——9
970 1188 1079 1227 Vulgo
1094 1187 1285 1219 addebatur
1297 1190 1398 1224 metm·
1416 1187 1464 1218 sic
1480 1188 1607 1229 Delph.
1622 1198 1631 1226 ;
1646 1198 1724 1219 mox

939 1292 1078 1324 NOTAE

284 1357 367 1388 Mss.
384 1356 473 1387 forte
490 1356 606 1387 melius
621 1356 766 1398 legatur,
787 1356 796 1373 ‘
809 1357 977 1397 Agenoris

285 1406 409 1447 quippe
434 1405 537 1436 filium
562 1406 756 1437 Phoenicem
776 1410 811 1437 et.
835 1408 978 1446 Dymanr

285 1460 417 1496 patrem
432 1455 598 1490 Hecubae,
611 1460 647 1486 et
659 1454 850 1496 Tyndarum
863 1456 978 1495 Ledae,

285 1504 585 1545 consanguinitatis
611 1505 774 1544 originem
801 1505 978 1536 divisisse.'

284 1554 342 1586 Ita
367 1558 404 1585 ut
430 1555 547 1585 innuat
575 1563 617 1584 ex
643 1554 809 1593 Agenoris
837 1555 979 1594 posteris

286 1608 401 1644 patres
431 1603 584 1635 Hecubae
618 1608 652 1634 et
685 1604 786 1634 Ledae
818 1605 980 1644 originem

285 1653 434 1684 duxisse.
480 1653 646 1683 Nimirum
663 1662 704 1683 ex
722 1654 864 1692 posteris
879 1655 980 1684 Pnoe-

286 1703 368 1733 nicis
378 1703 579 1742 Dymantom
593 1708 723 1743 patrem
735 1703 904 1734 Hecubae:
922 1704 981 1735 sed

287 1752 370 1783 illud
389 1753 487 1792 plane
502 1753 664 1783 incertum
681 1757 745 1792 est,
758 1762 832 1783 nam
846 1754 980 1785 omnino

286 1803 462 1842 ignoratur
478 1811 584 1842 genus
602 1802 792 1842 DymantiS,
812 1803 885 1842 quis
905 1807 941 1834 et
962 1812 982 1834 a

288 1862 355 1892 quo
384 1856 475 1882 satus
504 1851 616 1881 fuerit.
667 1852 764 1882 Solus
796 1852 979 1891 Cedrenus,

289 1900 378 1941 quod
395 1901 509 1939 sciam,
525 1900 616 1929 iilum
639 1909 680 1930 ex
706 1900 816 1930 Danai
834 1903 980 1939 posteris

288 1954 400 1980 ortum
417 1950 511 1986 dicit,
534 1955 568 1980 et
583 1949 641 1983 ita,
658 1949 684 1979 si
707 1949 797 1979 illum
818 1950 979 1989 sequaris,

287 1998 405 2029 eadem
418 1999 482 2029 erit
499 1998 650 2029 Hecubae
668 2003 702 2028 et
720 1997 858 2028 Helenae
875 1997 981 2029 affini-

289 2048 370 2079 tatis
395 2052 554 2078 maternae
578 2047 674 2085 ratio,
697 2056 772 2086 quae
799 2055 901 2087 supra
924 2057 980 2088 pa-

288 2102 395 2127 ternae
413 2096 488 2127 fuit.

331 2145 339 2165 ¹
357 2146 476 2177 Cuncta
490 2145 640 2185 retexuit]
658 2146 827 2176 Retexere
845 2146 981 2186 proprie

289 2202 355 2236 est,
383 2196 472 2238 quod
497 2196 570 2236 jam
603 2200 733 2225 textum
761 2200 812 2226 est
840 2196 982 2233 solvere,

287 2247 493 2286 disjungere.
538 2244 635 2275 Unde
662 2253 723 2283 per
751 2245 980 2284 metaphoram

288 2297 297 2313 ‘
316 2296 476 2326 detexere
489 2294 496 2306 ’
519 2295 560 2324 de
587 2293 697 2323 verbis
718 2294 905 2333 usurpavit,
921 2304 981 2334 pro

288 2355 326 2374 ea
343 2354 417 2385 quae
432 2345 520 2375 intus
537 2343 631 2384 quasi
649 2347 744 2373 texta
760 2349 848 2382 sunt,
861 2343 981 2374 ordine

288 2393 437 2432 effutire,
463 2393 555 2424 foras
585 2393 723 2432 ejicere.
777 2393 852 2424 Quo
882 2402 981 2424 sensu

288 2452 353 2473 non
369 2442 504 2473 memini
516 2451 568 2472 me
580 2441 658 2472 alibi
669 2442 879 2473 observasse.
905 2443 982 2473 Non

288 2493 373 2523 male
400 2491 503 2523 etiam
524 2493 534 2509 ⁴
553 2490 727 2522 retexere'
752 2491 901 2530 accipias
919 2502 981 2533 pro

288 2541 431 2582 simplici
452 2545 582 2572 texere.
617 2540 673 2572 Sic
697 2539 785 2571 infra
802 2541 842 2572 de
865 2542 981 2573 Mene—

285 2593 352 2622 lao.

330 2647 352 2662 ¹¹¹
378 2640 494 2680 Orare]
517 2638 838 2679 Subamliturcoepit.

330 2696 344 2710 ¹¹
368 2691 420 2722 An
444 2689 616 2730 poenarum]
642 2690 696 2720 lta
719 2690 752 2720 in
776 2690 857 2722 Mss.
882 2691 929 2721 ita
944 2696 982 2723 ut

288 2749 351 2770 vox
381 2739 533 2770 ‘amore'
563 2738 699 2779 utrique
728 2740 920 2779 conveniat,
946 2748 981 2773 et

286 2790 294 2805 ‘
314 2788 496 2819 Alexandri
511 2787 518 2800 ’
542 2793 576 2819 et
595 2786 789 2828 ‘poenarum
804 2789 825 2820 :’
849 2794 884 2821 et
900 2801 979 2823 sane

1033 1356 1197 1397 ejusmodi
1214 1357 1371 1397 exempla
1386 1357 1419 1388 in
1432 1356 1602 1387 veteribus
1622 1356 1727 1397 scrip-

1034 1407 1162 1438 toribus
1191 1408 1362 1447 leguntur,
1385 1411 1422 1437 ut
1451 1405 1593 1436 diversis
1623 1415 1727 1436 enun-

1033 1456 1228 1488 tiationibus
1257 1456 1357 1487 unica
1386 1456 1552 1496 particula
1579 1460 1729 1496 aptetur,

1033 1507 1184 1546 quamvis
1215 1505 1315 1536 alteri
1344 1505 1453 1536 minus
1484 1504 1621 1545 proprie
1649 1514 1728 1536 con·

1035 1559 1145 1595 gruat.
1168 1555 1223 1586 Sic
1237 1555 1346 1586 Divus
1359 1556 1500 1593 Paulus,
1515 1555 1578 1594 Ep.
1589 1554 1631 1585 ad
1640 1555 1727 1586 Tim.

1035 1613 1058 1636 1.
1074 1607 1105 1635 4.
1131 1603 1318 1636 Κωλυόντων
1330 1606 1451 1644 γαμεῖν,
1465 1602 1636 1643 ἀπέχεσθαι
1650 1606 1729 1644 βρω-

1033 1653 1150 1695 μάτων,
1171 1657 1236 1687 &c.
1271 1656 1280 1672 ‘
1294 1655 1497 1686 Vetantibus
1523 1664 1645 1686 uxores
1668 1655 1728 1686 du-

1035 1714 1125 1744 cere,
1147 1705 1317 1736 abstinere
1341 1704 1449 1741 cibis)
1472 1706 1537 1736 &c.
1580 1705 1647 1736 Ubi
1672 1715 1728 1736 ne-

1034 1764 1129 1786 cesse
1145 1759 1198 1786 est
1218 1755 1410 1795 intelligere
1435 1755 1571 1785 verbum
1591 1755 1728 1796 aliquod

1035 1805 1211 1836 contrariae
1221 1804 1475 1845 significationis
1484 1804 1586 1835 verbo
1597 1805 1730 1836 ‘vetan-

1038 1853 1152 1892 tibus‚'
1173 1854 1263 1894 quod
1280 1857 1501 1894 praeponatur
1514 1853 1619 1884 verbo
1642 1853 1653 1870 ‘
1671 1854 1728 1884 ab·

1035 1903 1187 1941 stinere,'
1200 1903 1551 1944 nempe‚jnbentibus.
1564 1904 1619 1935 Sic
1631 1904 1730 1934 Phae-

1035 1952 1127 1987 drus,
1144 1955 1260 1983 1v.17.
1286 1953 1295 1969 ‘
1316 1952 1395 1983 Non
1419 1956 1495 1983 veto
1518 1952 1655 1989 dimitti,
1674 1963 1730 1984 ve·

1036 2011 1107 2032 rum
1129 2002 1271 2032 cruciari
1293 2000 1404 2033 fame)
1442 2002 1510 2032 Pro
1525 2002 1730 2040 verumjubeo

1034 2051 1271 2089 cruciarifame.
1314 2052 1358 2082 Et
1373 2052 1462 2092 apud
1484 2052 1594 2083 Tacit.
1613 2051 1728 2092 Agric.

1035 2103 1043 2119 ‘
1060 2102 1133 2133 Nec
1148 2111 1247 2142 poena
1257 2110 1403 2141 semper,
1414 2102 1471 2133 sed
1485 2102 1608 2142 saepius
1625 2103 1730 2142 poeni-

1035 2152 1142 2182 tentia
1158 2155 1339 2182 contentus
1355 2151 1451 2184 esse!
1490 2152 1556 2183 Ubi
1573 2151 1728 2183 manifes-

1035 2205 1104 2230 tum
1116 2205 1167 2231 est
1182 2201 1191 2217 ‘
1208 2204 1386 2230 contentus
1399 2210 1472 2231 esse
1487 2199 1494 2213 '
1509 2210 1585 2231 cum
1603 2203 1612 2218 ‘
1629 2211 1729 2241 poena

1036 2255 1070 2280 et
1097 2248 1315 2289 poenitentia’
1347 2259 1413 2280 non
1440 2258 1538 2289 posse
1561 2259 1604 2281 ex
1632 2259 1729 2291 aequo

1036 2299 1228 2329 convenire.
1271 2299 1352 2329 Tale
1368 2304 1421 2329 est
1438 2303 1473 2329 et
1488 2298 1577 2337 apud
1593 2299 1729 2330 Terent.

1036 2349 1140 2379 Andr.
1163 2358 1220 2380 111.
1243 2352 1274 2379 5.
1300 2348 1308 2364 ‘
1327 2349 1481 2388 Namque
1508 2349 1571 2379 hoc
1595 2353 1728 2389 tempus

1036 2408 1229 2438 praecavere
1256 2397 1334 2428 mibi
1363 2407 1428 2436 me,
1458 2407 1522 2427 non
1553 2402 1588 2428 te
1614 2398 1728 2429 ulcisci

1035 2448 1139 2479 sinit!
1170 2447 1238 2478 Ubi
1263 2456 1324 2486 pro
1346 2447 1355 2463 ‘
1371 2446 1470 2478 sinit'
1487 2447 1590 2478 debet
1614 2448 1727 2478 subin-

1036 2497 1143 2536 telligi
1161 2497 1170 2514 ‘
1182 2495 1293 2536 cogit’
1317 2496 1348 2526 in
1366 2495 1468 2535 priori
1487 2496 1636 2527 membro
1653 2507 1728 2528 sen-

1036 2548 1166 2580 tentiae.
1209 2546 1276 2578 Sed
1294 2546 1374 2577 iliud
1394 2547 1505 2586 potius
1521 2552 1555 2577 et
1572 2547 1727 2579 vitiosum

1035 2597 1145 2628 notari
1163 2596 1278 2634 debet,
1295 2605 1370 2626 cum
1389 2595 1430 2626 ob
1447 2596 1524 2631 alia,
1536 2601 1605 2626 tum
1623 2598 1727 2628 maxi-

1035 2655 1088 2677 me
1108 2645 1195 2686 quod
1223 2644 1501 2685 perspicuitatem
1530 2644 1638 2676 tollat.
1684 2646 1728 2676 Et

1034 2696 1086 2726 iiic
1101 2695 1203 2725 etiam
1227 2692 1330 2734 magis
1345 2692 1452 2733 probo
1469 2697 1478 2710 ‘
1495 2703 1536 2724 au
1555 2703 1727 2734 poenarmu

1035 2743 1151 2777 metu.’
