1915 3231
499 273 562 302 DE
596 271 752 302 Buteo
785 271 1013 301 TROJANO
1048 270 1141 299 mn.
1176 271 1218 298 v.
1492 259 1578 300 255

129 378 256 421 quem
278 368 384 418 post
397 363 641 406 Alexandri
661 363 884 404 interitum
901 362 1085 403 Helenae
1103 362 1428 403 matrimonium
1449 363 1576 403 inter-

129 432 323 485 cepisse,
337 443 469 483 supra
489 430 735 478 docuimus,
750 429 943 469 exsectis
964 428 1103 481 primo
1120 428 1347 477 auribus,m
1368 428 1577 469 brachiis-

128 511 214 552 que
236 497 414 547 ablatis,
428 497 585 537 deinde
605 496 804 545 naribus,
824 494 880 535 ad
901 499 1164 548 postremum
1188 497 1437 534 truncatum
1458 495 1575 535 omni

125 578 184 606 ex
204 569 345 619 parte,
374 563 675 616 foedatumque
698 574 868 603 summo
889 561 1102 611 cruciatu,
1123 564 1269 601 necat.
1315 560 1430 601 Dein
1451 559 1575 600 Pria-

124 644 242 673 mum
265 629 608 683 Neoptolemus,
631 629 726 669 sine
752 628 842 668 ullo
864 628 1014 668 aetatis
1039 630 1168 680 atque
1188 626 1370 667 honoris
1393 625 1574 675 dilectu,

123 698 374 738 retinentem
395 701 582 748 utraque
602 707 736 736 manu
753 693 768 718 ⁸
802 707 923 734 aram
941 699 959 715 ¹¹
983 694 1171 748 jugulat.
1233 693 1440 735 Ceterum
1463 693 1576 734 Cas-

123 763 330 805 sandram
350 761 472 816 Ajax
495 761 641 802 Oilei⁰
671 774 695 802 e
719 773 848 802 sacro
871 761 1085 801 Minervae
1103 761 1328 814 captivam
1351 760 1575 801 abstrahit.

123 829 230 884 [13.]
261 828 364 869 Hoc
387 828 520 869 modo
543 827 785 868 consumtis
806 840 906 868 cum
927 827 1108 868 civitate
1128 827 1342 876 barbaris,
1362 827 1574 868 delibera-

122 897 185 938 tio
205 896 311 937 inita
331 908 463 948 super
478 895 546 935 his
561 894 636 948 qui
657 895 713 935 ab
730 893 929 935 Deorum
951 894 1038 934 aris
1060 894 1275 935 auxilium
1292 894 1397 936 vitae
1417 893 1574 947 implo-

120 967 351 1005 raverant:
383 961 695 1014 decretumque
716 961 772 1002 ab
794 961 1015 1010 omnibus,
1034 961 1101 1001 uti
1122 973 1197 1014 per
1217 960 1307 1003 vim
1328 960 1474 1002 avulsi
1495 972 1568 1000 ne-

125 1033 359 1071 carentur:
409 1032 559 1070 tantus
590 1027 718 1068 dolor
748 1027 940 1080 injuriae,
969 1032 1014 1067 et
1049 1029 1108 1068 ob
1138 1027 1184 1068 id
1213 1027 1405 1068 studium
1435 1027 1573 1068 extin-

121 1095 283 1150 guendi
312 1095 495 1150 Trojani
525 1094 717 1135 nominis
752 1093 1009 1135 incesserat.
1070 1094 1145 1135 Ita
1166 1093 1474 1148 comprehensi
1495 1094 1571 1146 qui

121 1163 365 1204 cruciatum
397 1161 626 1215 praedictae
663 1160 808 1201 noctis
842 1160 1196 1214 subterfugerant,
1227 1160 1496 1214 trepidantes
1517 1172 1571 1201 ac

120 1229 220 1270 vice
240 1241 447 1283 pecorum
469 1226 797 1269 interficiuntur.
858 1227 987 1276 Dein,
1008 1240 1127 1269 more
1156 1228 1273 1279 belli,
1304 1240 1382 1280 per
1408 1226 1571 1279 templa

121 1307 173 1336 ac
196 1296 429 1336 semiustas
452 1295 608 1335 domos
638 1294 868 1348 populatio
890 1307 1033 1334 rerum
1054 1295 1264 1342 omnium,
1295 1298 1340 1335 et
1368 1306 1444 1348 per
1474 1293 1569 1333 dies

120 1362 348 1415 plurimos,
377 1375 430 1402 ne
466 1361 567 1414 quis
598 1360 791 1402 hostium
824 1360 1047 1410 evaderet,
1082 1361 1271 1402 studium
1301 1360 1569 1414 inquirendi.

121 1428 302 1470 Interim
334 1428 391 1469 ad
421 1426 796 1469 coacervandump
827 1427 919 1468 auri
957 1430 1089 1480 atque
1121 1428 1283 1480 argenti
1313 1426 1568 1468 materiem9

723 1555 740 1567 O
745 1555 761 1567 O
765 1555 900 1568 &OOONO
905 1555 940 1567 ‘O
944 1555 963 1567 O

120 1643 246 1683 Delph.
264 1641 542 1682 praepositionem
558 1643 612 1680 ad,
635 1651 732 1682 quam
757 1642 921 1682 Vinding.
950 1642 1050 1682 plane
1076 1641 1256 1673 delendam
1282 1646 1395 1682 putat.
1441 1641 1567 1673 ‘Aram

120 1686 207 1716 euim
226 1685 410 1725 supplices,
427 1685 497 1714 sive
515 1690 630 1724 postes
646 1684 815 1724 altarium,
834 1684 926 1726 quasi
954 1685 987 1715 in
1011 1684 1104 1726 asylo
1127 1684 1246 1723 futuri,
1262 1683 1569 1724 amplectebantur,

120 1733 159 1758 ut
184 1733 327 1768 apparet
352 1737 393 1758 ex
421 1736 498 1781 cap.
526 1725 673 1768 seq.’—9
696 1727 821 1768 Delph.
850 1727 1086 1758 materiam—1
1111 1726 1203 1758 Ante
1228 1731 1401 1768 opportuna
1427 1728 1567 1759 exhibet

771 1843 803 1875 N
810 1842 914 1875 OTAE

117 1906 290 1948 Deiphobi
316 1910 351 1937 et
378 1906 519 1938 Helenae
546 1907 679 1938 domum
700 1917 815 1938 ascen-

116 1958 230 1989 disse:
266 1956 370 1996 Αὐτὰρ
396 1956 555 1994 Ὀδυσσῆα
578 1956 669 1997 προτὶ
691 1957 815 1995 δώματα

117 2006 289 2046 Δηϊφόβοιο
304 2004 448 2045 Βήμεναι,
460 2004 527 2043 ἠΰτ’
536 2005 648 2046 Ἄρηα,
659 2005 717 2036 σὺν
731 2006 814 2037 ἀντι-

116 2056 174 2088 θέω
189 2054 349 2094 Μενελάῳ.
393 2055 481 2087 ‘Sed
506 2056 662 2096 Ulyssem
689 2056 731 2087 ad
759 2057 815 2088 do-

114 2116 206 2138 mum
223 2105 396 2146 Deiphobi
415 2104 637 2144 Asoenfflsse,
652 2110 813 2146 tanquam

115 2157 279 2196 Martem,
295 2165 371 2187 cum
388 2155 513 2186 eximio
529 2155 716 2186 Menelao!

160 2210 181 2226 ¹¹¹
206 2204 352 2236 Exsectz's
367 2205 465 2244 primo
481 2204 622 2244 auribus]
645 2205 738 2244 Virg.
755 2204 815 2236 lib.

114 2265 165 2288 vr.
194 2256 204 2274 ‘
218 2255 334 2297 Atque
351 2255 404 2286 hic
421 2254 630 2295 Priamiden,
653 2256 815 2287 laniatum

115 2315 258 2347 corpore
275 2309 360 2344 toto,
376 2304 590 2345 Deiphobum
607 2304 707 2343 vidit,
726 2305 817 2336 lace-

114 2365 188 2386 rum
219 2354 403 2386 crudeliter
427 2363 498 2394 ora,
529 2353 601 2385 Ora
626 2364 815 2395 manusque

115 2405 243 2446 ambas,
270 2405 498 2446 populataque
525 2409 680 2444 tempora
707 2404 815 2445 raptis

113 2455 277 2492 Auribus,
287 2459 323 2486 et
336 2459 471 2486 truncas
484 2454 664 2486 inhonesto
675 2455 812 2485 vulnere

115 2505 239 2538 nares.’
274 2506 371 2537 Solus
389 2505 501 2536 Dares
517 2503 645 2545 scribit,
664 2504 813 2545 Deipho-

115 2555 195 2587 bum
212 2565 230 2586 a
246 2554 430 2586 Palamede
446 2555 479 2585 in
497 2563 611 2595 pugna
625 2554 786 2586 occisum.

159 2609 173 2624 ¹¹
196 2604 296 2635 Aram
313 2604 457 2645 jugulat]
482 2603 581 2634 Prius
603 2603 720 2634 occiso
742 2603 811 2634 Po-

115 2652 188 2690 lite,
218 2653 251 2683 in
284 2653 389 2694 ipsius
428 2653 580 2694 parentis
610 2659 810 2693 conspectu.

115 2701 210 2741 Virg-
221 2710 262 2733 11.
275 2703 349 2734 AEn.
372 2703 382 2720 ‘
394 2703 482 2734 Haee
492 2702 622 2743 dicens,
635 2702 757 2734 altaria
769 2702 812 2733 ad

116 2751 191 2790 ipsa
214 2757 414 2784 trementem
437 2753 570 2792 Traxit,
587 2757 622 2784 et
645 2753 680 2783 in
705 2752 812 2783 multo

118 2803 304 2844 lapsantem
330 2804 492 2845 sanguine
519 2804 602 2845 nati,
624 2803 814 2845 Implicuit·

868 1917 934 1949 que
958 1917 1087 1939 comam
1114 1908 1213 1946 laeva,
1238 1906 1426 1948 dextraque
1453 1917 1567 1939 corus-

867 1966 943 1988 cum
975 1958 1105 1988 Extulit
1133 1967 1173 1988 ac
1194 1958 1293 1989 lateri
1321 1959 1442 1998 capulo
1467 1963 1565 1989 tenus

867 2007 998 2038 abdidit
1014 2007 1154 2040 ensem.’

909 2061 924 2077 ⁰
947 2057 1157 2088 Cassandram
1172 2056 1259 2097 Ajax
1275 2056 1371 2095 Oilei,
1386 2056 1455 2097 ἅμ’]
1472 2057 1566 2097 Virg.

868 2116 909 2138 11.
926 2108 1001 2139 AEn.
1025 2112 1035 2126 ‘
1050 2108 1142 2138 Ecce
1158 2106 1355 2137 trahebatur
1367 2107 1476 2146 passis
1490 2107 1565 2138 Pri-

869 2158 978 2188 ameia
993 2158 1088 2197 virgo
1105 2156 1267 2188 Crinibus
1291 2165 1309 2186 a
1335 2156 1462 2196 templo
1484 2157 1565 2187 Cas-

866 2207 1003 2246 sandra,
1027 2206 1206 2247 adytisque
1230 2206 1411 2245 Minervae,
1428 2205 1482 2236 Ad
1500 2216 1565 2237 coe-

866 2257 935 2286 lum
952 2255 1094 2287 tendens
1112 2255 1267 2286 ardentia
1284 2255 1410 2285 lumina
1426 2254 1565 2295 frustra,

869 2305 1020 2343 Lumina,
1035 2314 1112 2335 nam
1129 2309 1263 2335 teneras
1276 2303 1438 2335 arcebant
1449 2304 1565 2335 vincu-

866 2355 897 2385 la
915 2354 1066 2394 palmas.’

896 2409 912 2430 Ρ
925 2404 1060 2436 Interim
1069 2404 1110 2435 ad
1121 2401 1374 2442 coacervandum]
1391 2401 1430 2433 In
1443 2412 1564 2443 oppor-

868 2454 958 2485 tunis
987 2454 1069 2484 locis
1097 2452 1253 2493 dispositi
1276 2451 1373 2483 fuere
1404 2453 1564 2484 custodes

867 2503 923 2544 qui
934 2503 1031 2535 simul
1045 2502 1182 2533 divitias
1195 2503 1455 2541 servarent,&c.
1468 2502 1564 2542 Virg.

866 2553 934 2583 ‘Et
955 2552 1025 2592 jam
1053 2551 1238 2592 porticibus
1265 2550 1393 2591 vacuis,
1417 2551 1562 2583 Junonis

865 2603 971 2643 asylo,
984 2601 1150 2633 Custodes
1164 2600 1248 2632 lecti
1260 2600 1405 2632 Phoenix
1420 2605 1456 2633 et
1472 2600 1566 2632 dirus

864 2653 1005 2692 Ulysses
1033 2650 1190 2682 Praedam
1220 2649 1459 2681 asservabant:
1497 2651 1563 2683 huc

864 2702 1013 2743 undique
1033 2701 1136 2732 Troia
1157 2709 1240 2741 gaza
1263 2700 1418 2731 lucensis
1443 2706 1564 2740 erepta

865 2751 987 2792 adytis,
1003 2759 1198 2791 mensaeque
1217 2751 1369 2782 Deorum
1385 2751 1560 2782 Crateres-

865 2811 931 2844 que
963 2811 1045 2834 auro
1082 2800 1193 2841 solidi,
1221 2800 1422 2842 captivaque
1455 2801 1559 2833 vestis
