1915 3231
570 472 1207 534 CONSPECTUS

293 629 581 680 EORUM
636 633 810 688 QUAE
868 633 1029 680 HAC
1086 586 1490 684 EDITIONE

642 784 1128 828 CONTINENTUR.

1530 1124 1612 1166 Pag.

159 1192 480 1234 LEc'mmssus
504 1191 618 1233 Lud.
641 1190 789 1232 Smids
1272 1224 1282 1235 .
1584 1191 1610 1231 1

156 1258 299 1302 Annae
323 1259 458 1301 Fabri
481 1258 686 1313 Epistola
706 1257 994 1299 Serenissimo
1018 1258 1240 1313 Delphino
1275 1290 1283 1299 .
1581 1257 1609 1298 3

155 1326 229 1367 Ad
250 1327 480 1368 Lectorem
525 1357 533 1366 .
1582 1326 1610 1366 5

154 1393 225 1435 De
254 1393 328 1435 Ilii
348 1393 557 1444 Excidio,
587 1406 645 1434 ex
665 1391 870 1446 Josepho
894 1393 1134 1447 Scaligero,
1168 1393 1222 1435 de
1254 1392 1467 1435 Emenda-

210 1461 331 1503 tione
351 1460 618 1515 Temporum
641 1460 738 1502 Lib.
760 1471 802 1500 v.
896 1490 904 1499 .
1082 1491 1091 1501 .
1269 1491 1277 1499 .
1456 1492 1464 1500 .
1579 1461 1608 1501 7

154 1529 224 1570 De
255 1529 394 1583 Dicty
415 1527 593 1579 Graeco,
626 1541 684 1570 ex
718 1527 748 1569 J
753 1540 892 1570 oanne
928 1527 1100 1602 Vossio
1128 1528 1182 1570 de
1215 1527 1467 1570 Historicis
1636 1518 1639 1520 ’

209 1594 380 1637 Graecis
525 1625 534 1634 .
712 1626 720 1634 .
898 1625 906 1633 .
954 1588 997 1634 ‘r‘
1086 1626 1093 1633 .
1270 1627 1278 1635 .
1458 1625 1466 1633 .
1556 1593 1611 1635 12

152 1662 224 1703 De
248 1663 385 1717 Dicty
406 1662 580 1714 Latino,
601 1675 658 1703 ex
680 1661 837 1703 eodem
893 1693 901 1701 .
1082 1693 1090 1701 .
1270 1692 1278 1701 .
1456 1692 1463 1699 .
1553 1662 1610 1702 14
1691 1686 1694 1689 «

153 1729 369 1772 Praefatio
523 1761 531 1769 .
711 1760 720 1768 .
898 1760 907 1768 .
1086 1761 1094 1769 .
1272 1760 1281 1768 .
1456 1760 1465 1769 .
1554 1729 1610 1771 15

150 1796 181 1839 J
184 1797 314 1840 acobi
330 1797 551 1839 Perizonii
569 1797 840 1839 Dissertatio
862 1797 916 1838 de
931 1797 1138 1839 Historia
1154 1797 1271 1839 Belli
1286 1796 1473 1852 Trojani

209 1878 310 1919 quae
332 1865 518 1920 Dictyos
539 1864 760 1906 Cretensis
780 1878 942 1907 nomen
962 1864 1154 1919 praefert,
1174 1867 1253 1907 διο.
1451 1895 1462 1907 .
1550 1863 1607 1904 19

152 1932 264 1973 Lud.
287 1932 437 1974 Smids
457 1932 601 1975 Scena
619 1932 785 1974 Troica
896 1964 904 1972 .
1084 1963 1092 1972 .
1268 1960 1279 1973 .
1454 1938 1465 1972 .·
1550 1930 1609 1972 66

152 1999 380 2041 ch'rYos
402 1999 688 2042 CRETENSIS
707 2000 762 2042 de
783 1999 913 2042 Bello
933 2000 1126 2054 Trojano
1148 1999 1247 2041 Lib.
1271 2011 1300 2042 1.
1450 2031 1459 2041 .
1549 1997 1607 2039 92

724 2067 825 2108 Lib.
850 2078 903 2107 11.
1080 2098 1088 2107 .
1266 2098 1276 2108 .
1452 2096 1462 2106 .
1520 2063 1609 2107 128

717 2133 818 2176 Lib.
842 2145 918 2178 111.
1078 2165 1087 2174 .
1268 2164 1277 2173 .
1455 2163 1463 2171 .
1522 2131 1609 2173 185

720 2201 818 2243 Lib.
845 2214 907 2244 1v.
1085 2233 1094 2242 .
1270 2231 1278 2240 .
1454 2229 1463 2239 .
1520 2199 1607 2241 213

721 2269 822 2311 Lib.
844 2282 886 2310 v.
1080 2300 1088 2309 .
1267 2299 1275 2306 .
1452 2296 1461 2305 .
1519 2266 1606 2308 238

546 2360 551 2367 ι
717 2337 815 2379 Lib.
836 2349 904 2380 V1.
1082 2368 1089 2376 .
1267 2365 1276 2374 .
1451 2362 1460 2373 .
1519 2333 1606 2375 264

151 2403 207 2445 In
227 2404 437 2447 Daretem
458 2404 692 2458 Phrygium
715 2404 929 2446 Praefatio
1080 2436 1088 2445 .
1265 2434 1274 2443 .
1448 2431 1459 2442 .
1517 2401 1603 2443 291

151 2471 389 2514 Cornelius
411 2471 568 2526 Nepos
589 2471 802 2513 Sallustio
825 2471 986 2527 Crispo
1005 2471 1458 2513 S..
1516 2468 1604 2510 293

153 2540 332 2582 Daretis
353 2540 531 2595 Phrygii
555 2539 772 2582 Historici
793 2553 851 2581 ex
874 2539 916 2582 V
920 2540 1162 2581 olaterrano
1183 2536 1292 2579 Vita
1445 2567 1455 2577 .
1514 2536 1601 2577 294

154 2607 381 2649 DARETIS
398 2607 621 2649 PHRYGn
647 2607 700 2649 de
719 2606 907 2649 Excidio
927 2607 1074 2661 Trojae
1094 2605 1296 2647 Historia
1445 2636 1453 2644 .
1512 2603 1597 2645 295
