1915 3231
521 309 584 338 DF,
618 308 774 339 BELLO
809 307 1037 338 TROJANO
1071 307 1166 338 ΜΒ.
1201 308 1266 338 iv.
1529 299 1614 341 217

166 399 418 442 advertere2
455 398 646 440 insulam
681 398 857 440 Graecis
888 398 1069 447 sociam,
1103 398 1230 439 veriti
1265 410 1321 438 ne
1353 410 1398 438 re
1439 400 1617 451 cognita

165 465 499 508 incenderentur
519 477 672 513 naves,
705 464 870 505 ibidem
888 464 1253 517 opperiebantur:
1285 476 1339 504 ac
1357 477 1463 504 mox
1483 465 1618 506 divisi

164 530 211 574 in
241 531 463 573 Camirum
489 536 535 572 et
569 531 805 572 Ialisum³⁵
835 531 967 571 urbes
1002 530 1260 583 opulentas:
1303 542 1446 584 neque
1476 531 1617 572 multo

163 602 271 652 post
291 597 460 640 Rhodii
485 597 675 639 Phalam
706 598 927 648 incusare,
956 596 1076 651 quod
1105 596 1240 650 paulo
1262 601 1364 637 ante
1387 608 1539 637 eversa
1560 597 1617 638 ab

166 665 425 706 Alexandro
447 663 632 705 Sidone‘
661 664 807 718 patria
827 676 922 714 sua,
954 663 1169 704 auxilium
1190 662 1231 703 ei
1253 675 1280 703 a
1298 675 1388 716 quo
1408 663 1544 704 laesus
1563 663 1622 705 sit

164 731 277 772 ferre
306 732 506 785 cuperet:
538 742 712 784 quoque
734 729 907 771 animos
925 729 1146 770 exercitus
1168 734 1492 783 permoverent,
1515 742 1622 771 con-

166 797 350 847 firmare,
379 796 494 838 haud
515 796 753 837 dissimiles
773 796 1056 837 barbarorum
1074 794 1248 845 videri,4
1273 795 1348 849 qui
1369 801 1459 836 tam
1480 796 1622 849 indig-

166 878 271 906 num
283 864 455 906 facinus
475 863 782 905 defenderent:
796 871 813 886 α
842 862 983 903 multa
1001 867 1219 916 praeterea
1240 874 1482 903 accensura
1495 867 1509 892 ⁵
1529 863 1623 904 vul-

167 943 284 984 gum,
305 934 350 972 et
370 942 469 984 quae
489 942 572 983 pro
593 943 640 971 se
660 930 833 971 factura
850 933 1012 978 essent,
1029 930 1244 971 disserere
1262 942 1273 971 ε
1295 943 1397 984 quae
1417 942 1487 971 res
1506 929 1624 972 haud

167 997 329 1038 frustra
347 997 453 1039 fuit:
485 996 725 1038 Phoenices
753 1008 944 1050 namque
975 996 1051 1049 qui
1081 996 1127 1036 in
1155 1008 1209 1037 eo
1230 996 1427 1037 exercitu
1448 996 1625 1049 plurimi

169 1062 366 1113 aderant,
397 1062 586 1117 permoti
607 1061 798 1115 querelis
820 1061 1109 1111 Rhodiorum,
1141 1074 1196 1103 an
1217 1061 1455 1116 cupidine⁶
1469 1067 1487 1085 ¹¹
1522 1062 1625 1104 diri-

169 1129 427 1184 piendarum
448 1143 591 1170 rerum
612 1142 725 1183 quas
749 1141 901 1171 secum
922 1128 1209 1178 advexerant,
1241 1128 1433 1170 Phalam
1463 1129 1627 1183 lapidi-

147 1199 255 1239 ·bus
276 1197 466 1239 insecuti
497 1202 681 1239 necant:
713 1197 1025 1250 distributique
1055 1210 1131 1251 per
1162 1197 1443 1250 supradictas
1474 1198 1626 1246 urbes,

171 1276 322 1304 aurum
345 1277 398 1306 ac
417 1263 586 1316 reliqua
606 1262 773 1317 praedae
792 1263 904 1303 inter
923 1275 971 1304 se
994 1263 1271 1316 dispartiunt.
1328 1263 1411 1317 [5.]
1441 1263 1625 1304 Interim

172 1330 392 1372 exercitus
413 1330 489 1383 qui
510 1342 610 1370 cum
633 1329 868 1370 Memnone
889 1333 1085 1378 venerat,
1115 1330 1278 1383 positis
1302 1343 1379 1383 per
1397 1331 1524 1371 locos
1545 1343 1627 1383 pa·

173 1396 294 1438 tulos
314 1397 489 1446 castris,
520 1408 623 1437 nam
648 1396 763 1437 intra
781 1396 944 1437 moenia
964 1396 1082 1436 haud
1105 1396 1234 1438 facile
1256 1400 1376 1438 tanta
1396 1397 1464 1437 vis
1488 1396 1630 1437 homi-

172 1475 277 1504 num
307 1464 488 1504 retineri
524 1467 713 1516 poterat,
744 1462 904 1503 diversi
939 1475 1023 1503 suo
1059 1464 1247 1516 quisque
1269 1475 1425 1515 genere
1446 1475 1627 1503 exerce-

173 1529 344 1572 bantur.
404 1530 565 1583 Neque
588 1530 744 1570 eadem
775 1533 895 1570 artev
926 1529 1115 1583 simplex
1149 1533 1280 1582 atque
1311 1529 1427 1570 idem
1455 1528 1628 1577 modus,

172 1595 252 1636 sed
271 1599 318 1637 ut
337 1609 554 1650 quemque
575 1596 764 1649 regionis
785 1608 878 1637 suae
899 1608 998 1637 mos
1026 1595 1342 1645 assuefecerat,
1374 1595 1437 1637 ita
1467 1594 1589 1636 telis⁷
1604 1600 1627 1617 W

215 1729 231 1744 ¹¹
249 1723 363 1773 Neque
384 1724 481 1755 multo
502 1727 570 1763 post
587 1723 709 1754 Rhodii
724 1723 859 1755 Phalam
882 1724 1047 1755 crimznari
1067 1728 1233 1765 coeperunt,
1248 1726 1329 1766 quod
1351 1735 1419 1756 cum
1436 1725 1535 1757 Sidon
1557 1725 1624 1764 ejus

170 1762 276 1806 patria
290 1775 351 1796 non
365 1765 413 1797 ita
425 1765 546 1805 pridem
560 1765 599 1796 ab
613 1766 794 1797 Alexandro
807 1767 915 1797 diruta
920 1766 1053 1805 suos-set
1077 1767 1106 1797 εἰ
1131 1770 1249 1807 tamen,
1262 1777 1280 1798 α
1296 1777 1354 1808 quo
1377 1767 1512 1808 offensus
1531 1772 1623 1807 esset,

172 1808 324 1839 auxiliari
336 1811 513 1845 conat-‚etur
528 1811 623 1848 utque
637 1808 772 1839 militum
787 1808 905 1839 animos
919 1809 1107 1849 excitarent,
1130 1810 1296 1851 affirmare,
1311 1810 1470 1842 absimiles
1486 1810 1626 1842 barbaris

173 1860 222 1881 eos
232 1860 293 1882 non
307 1859 381 1892 esse,
395 1850 450 1891 qui
463 1851 560 1882 scelus
576 1854 641 1882 tam
656 1854 751 1881 atrox
766 1853 943 1882 tuerentur.

777 1955 1003 1969 00505000000
1007 1956 1026 1969 O

174 2040 243 2072 quoe
265 2031 326 2062 visi
345 2033 565 2071 poterant.—2
588 2030 713 2071 Delph.
734 2032 972 2064 advertere.—3
997 2032 1102 2072 Vulg.
1119 2031 1275 2063 Galisam.
1312 2031 1398 2063 Mss.
1424 2032 1629 2073 caynam.—

173 2077 194 2105 4
218 2074 304 2105 Post
317 2073 418 2105 videri
432 2073 516 2114 legit
532 2074 657 2114 Delph.
668 2078 791 2105 eos.-5
817 2075 944 2105 Inserit
960 2075 1082 2115 Delph.
1098 2083 1166 2114 quae
1183 2079 1263 2105 ante
1277 2084 1453 2114 accensura,
1480 2079 1516 2105 et
1542 2075 1631 2106 banc

175 2117 328 2148 voculam
343 2115 473 2148 omittit
487 2125 564 2147 mox
580 2121 660 2148 ante
673 2119 808 2157 prm—6
833 2117 890 2149 Sic
907 2117 992 2148 Mss.
1009 2118 1110 2158 vulgo
1125 2116 1196 2147 dein
1209 2116 1428 2157 cupidine.-—7
1449 2117 1535 2149 Post
1550 2117 1631 2159 telis,

836 2221 977 2254 NOTAE

177 2281 325 2323 reliquos
341 2281 424 2313 mari
440 2281 546 2323 misit,
559 2282 609 2314 ita
621 2288 659 2315 ut
675 2283 698 2315 ii
716 2283 874 2316 Rhodum
929 2294 1019 2316 mum
1037 2283 1217 2325 expilasse.
1260 2282 1329 2314 Sed
1345 2283 1409 2315 hoc
1433 2283 1556 2316 Rhodii
1582 2285 1632 2316 ita

175 2332 350 2372 appellere
369 2332 570 2372 potuerint?
587 2333 692 2365 Certe
708 2343 762 2365 res
777 2335 876 2375 mira,
931 2338 1070 2374 augent,
1088 2333 1129 2364 ad
1150 2333 1312 2373 majorem
1329 2333 1489 2364 invidiam
1505 2343 1514 2372 ;
1537 2334 1633 2375 quasi

175 2381 239 2412 nisi
254 2381 297 2412 de
313 2382 450 2423 reliquis
467 2382 679 2423 AEthiopibus
696 2384 883 2431 intelligas
932 2384 974 2416 ab
991 2394 1031 2414 eo
1046 2383 1124 2414 urbs
1141 2391 1262 2413 eversa
1275 2387 1310 2413 et
1327 2382 1443 2413 diruta
1458 2381 1575 2415 fuerit.

176 2430 296 2471 quibus
310 2431 472 2462 Memnon
489 2431 714 2473 mandaverit,
731 2436 769 2465 ut
787 2443 880 2465 mare
973 2439 987 2454 ¹¹
1011 2432 1064 2464 An
1090 2430 1251 2472 cupidine]
1290 2431 1346 2462 Ita
1372 2431 1501 2463 diserte
1528 2432 1631 2463 libri:

177 2480 473 2512 Mediterraneum
488 2482 702 2513 metirentur.
931 2483 1020 2524 quod
1051 2482 1157 2522 inepti
1184 2486 1219 2513 et
1243 2481 1391 2521 imperiti
1420 2487 1632 2514 correctores

218 2533 231 2549 ⁸
246 2529 286 2560 In
304 2529 464 2561 Camirum
479 2533 509 2561 et
521 2530 669 2571 lalisum]
698 2531 808 2563 Rhodi
826 2541 880 2562 ur·
932 2535 1160 2569 mutaverant,
1183 2530 1506 2572 rescripseruntque,
1531 2535 1541 2550 ‘
1554 2531 1634 2563 dein

176 2577 250 2617 bes,
272 2577 315 2610 de
338 2578 462 2620 quibus
480 2579 555 2620 jam
578 2589 684 2621 supra
707 2590 750 2612 ex
776 2580 881 2613 Hom.
932 2580 1113 2623 cupidine?
1137 2580 1272 2611 Men-er.

179 2632 216 2660 et
231 2628 346 2660 Strab.
975 2637 990 2652 v
1014 2631 1122 2671 Neque
1149 2630 1255 2661 eadem
1282 2632 1352 2660 arte
1379 2630 1513 2670 simplex
1540 2633 1634 2671 atque

218 2677 230 2697 ‘
249 2678 371 2710 Eversa
391 2678 431 2710 ab
444 2678 627 2711 Alexandro
643 2678 777 2719 Sidone]
809 2679 881 2711 1ni-
930 2680 1028 2721 idem]
1047 2681 1056 2697 ‘
1068 2678 1191 2710 Modus
1203 2677 1293 2709 idem
1306 2683 1340 2709 et
1353 2678 1499 2719 simplex
1511 2680 1633 2712 eadem

179 2726 230 2758 tio
242 2727 300 2758 lib.
314 2736 340 2760 1.
356 2728 477 2760 retulit
495 2729 619 2769 Dictys
645 2728 876 2761 Alexandrum
933 2729 1033 2762 arte.¹
1075 2729 1190 2761 Nolim
1207 2737 1271 2768 ego
1284 2728 1346 2759 hoc
1363 2728 1504 2761 imitari.

179 2775 305 2816 Sparta
331 2776 545 2819 redeuntem,
571 2778 732 2811 Sidonem
758 2779 876 2821 delap-
973 2785 994 2800 w
1018 2779 1071 2810 Ita
1093 2778 1164 2810 telis
1189 2777 1293 2818 [aliis]
1318 2778 1422 2820 Lego,
1443 2780 1453 2797 ⁸
1473 2778 1530 2811 Ita
1553 2780 1631 2813 telis

180 2834 266 2866 sum,
291 2835 404 2868 regem
425 2827 658 2867 obtruncasse,
681 2833 716 2862 et
732 2830 805 2871 ejus
821 2830 878 2862 do·
933 2829 988 2862 alii
1004 2829 1039 2861 in
1056 2827 1159 2860 alium
1175 2827 1336 2861 modum.'
