1915 3231
614 293 868 325 nE‘BEnLo
900 292 1126 324 'rnosANo
1160 292 1254 324 ΜΒ.
1287 294 1339 324 11.
1598 282 1681 324 167

233 388 381 443 pedon
421 389 609 431 Xantho
649 390 849 443 genitusn
879 393 1021 430 rector
1056 387 1306 442 Lyciorum,
1345 400 1403 429 ex
1440 387 1619 429 Solemo
1639 393 1680 429 :⁰

237 457 282 497 N
287 461 409 496 astes
430 460 473 497 et
493 455 844 510 Amphimachus
873 454 1108 497 Nomionis
1129 454 1182 495 de
1203 453 1337 496 Caria
1354 468 1364 496 ε
1380 460 1397 486 7
1412 460 1428 485 P
1458 454 1680 508 Antiphus

235 527 280 563 et
302 521 548 562 Mesthlesq
577 522 769 575 genitore
788 520 1075 576 Pylaemene,⁸
1099 520 1311 563 Maeonii:
1345 520 1542 563 Glaucus
1563 520 1683 573 Hip-

232 588 436 642 polochi‘
455 588 642 641 Lycius;
666 602 795 641 quem
819 588 905 629 sibi
927 588 1170 641 Sarpedon,
1184 588 1302 642 quod
1323 593 1483 642 praeter
1504 592 1679 628 ceteros

232 654 421 708 regionis
442 654 535 707 ejus
555 654 742 695 consilio
763 659 895 708 atque
919 655 1050 696 armis
1071 655 1282 708 pollebat,
1313 655 1569 708 participem
1589 653 1680 694 bel-

231 723 416 763 licarum
446 734 585 762 rerum
622 722 866 763 asciverat:
899 721 1098 776 Phorcys
1119 727 1164 762 et
1185 721 1407 763 Ascanius
1429 721 1630 775 Phryges
1647 725 1680 761 :³

235 787 438 829 Chromis
477 787 711 839 Midonis‚⁹
740 801 796 829 ex
834 787 1046 830 Moesiaz‘
1075 787 1359 842 Pyraechmes
1381 787 1519 830 Axii¹
1552 786 1682 827 Paeo-

838 917 1034 930 ecee-“000“
1040 918 1077 929 e&

231 1007 292 1036 -7
317 1004 326 1021 ‘
339 1004 603 1045 Corruptissime
619 1004 693 1035 haee
709 1004 820 1034 onmia
838 1004 871 1035 in
887 1004 991 1036 editis
1015 1008 1050 1036 et
1073 1003 1211 1044 scriptis
1240 1004 1289 1034 Ex
1303 1003 1364 1034 sole
1378 1005 1539 1036 monastes,
1555 1005 1586 1033 et
1602 1001 1680 1032 Am-

227 1047 410 1087 phimachus
425 1047 576 1077 nomionis
590 1047 627 1077 de
641 1045 736 1078 cara?
759 1047 910 1078 Mercer.
958 1046 1143 1078 Omittitnr
1159 1048 1193 1077 in
1219 1046 1349 1085 Delph.
1367 1055 1431 1076 vox
1460 1045 1679 1075 Nomionis.—

231 1093 251 1119 8
275 1089 330 1120 Sic
345 1090 491 1120 correxit
504 1090 653 1120 Mei-cer.
669 1094 704 1120 et
722 1098 817 1130 seqq.
833 1089 925 1130 vulg.
944 1089 1201 1120 Telameneo.-—9
1224 1089 1336 1129 Vulgo
1352 1088 1488 1119 Fronz'us
1503 1085 1680 1117 Midionis:

232 1131 268 1161 in
296 1132 381 1163 Mss.
403 1131 560 1170 prominus
586 1131 803 1162 suidones—1
829 1132 930 1171 Vulg.
955 1132 1148 1162 Purechmus
1177 1131 1288 1165 Annii.
1327 1136 1362 1161 et
1395 1139 1472 1160 mox
1498 1128 1681 1168 Agrestina.

234 1173 363 1214 Delph.
388 1174 572 1205 Adrastinu.
618 1174 685 1206 Ms.
708 1183 804 1214 unus,
827 1174 922 1205 Asius
946 1174 1128 1216 Hyrtac1185
1150 1174 1250 1214 alter,
1263 1172 1359 1204 Asius
1384 1172 1540 1213 Hyrtacis
1561 1174 1681 1202 esto.—

885 1291 1026 1323 NOTAE

232 1376 459 1418 imperabant,
474 1376 600 1408 Procul
623 1386 665 1408 ex
690 1376 815 1417 Alyba,
835 1378 926 1408 nude

233 1427 365 1467 argenti
388 1430 439 1457 est
462 1426 581 1466 origo.’
625 1426 750 1458 Verum
768 1427 809 1458 de
830 1427 927 1458 Hali-

231 1487 349 1508 zonnm
374 1477 439 1507 situ
465 1476 553 1507 inter
569 1480 702 1507 veteres
724 1486 789 1507 non
807 1487 927 1508 conve-

230 1526 303 1557 nit:
329 1535 405 1556 nam
426 1525 483 1557 alii
508 1525 657 1566 Scythiae
675 1526 853 1567 Europaeae
870 1535 927 1557 eos

230 1575 416 1615 ascribunt,
467 1575 522 1606 alii
568 1576 600 1606 in
638 1576 752 1616 Mysia
789 1577 924 1607 alicubi.

229 1624 355 1656 Strabo
387 1624 530 1656 affirmat
558 1635 616 1656 eos
646 1635 732 1666 esse,
762 1627 818 1667 qui
846 1627 925 1658 olim

230 1676 396 1716 Chalybes
413 1676 626 1717 dicebantur,
640 1683 675 1708 et
689 1681 766 1718 post
778 1679 925 1718 Paphla-

228 1726 363 1765 goniam
395 1727 504 1766 ponit,
533 1728 622 1758 ultra
652 1728 734 1759 Irim
770 1727 923 1765 fluvium,

227 1774 284 1805 ubi
309 1775 496 1807 Pharnacia
523 1782 586 1808 est.
631 1777 700 1809 Adi
724 1779 831 1819 illum,
854 1789 925 1813 xu.

226 1828 261 1855 et
278 1824 431 1856 Eustam.

267 1877 282 1893 ¹²
298 1874 454 1914 Sarpedon
470 1876 596 1907 Xantho
610 1878 751 1918 genitus]
782 1878 923 1912 Homer.

225 1927 392 1966 Σαρπηδὼν
406 1928 431 1957 δ’
446 1927 545 1968 ἦρχεν
564 1928 693 1968 Λυκίων,
715 1930 764 1961 καὶ
786 1932 923 1962 Γλαῦκος

226 1975 361 2017 ἀμύμων,
381 1977 519 2015 Τηλόθεν
535 1978 570 2010 ἐκ
590 1979 712 2020 Λυκίης,
728 1979 844 2013 Ξάνθου
863 1981 923 2013 ἅπο

226 2025 389 2063 δινήεντος.
411 2029 421 2046 ⁴
435 2029 586 2069 Sarpedo
610 2030 758 2072 denique
777 2037 923 2072 praeerat

225 2076 352 2117 Lyciis,
367 2077 562 2110 etGlaucus
579 2080 922 2122 integerrimus,Pro-

224 2126 278 2157 cul
293 2136 335 2158 ex
353 2128 470 2168 Lycia,
488 2128 627 2160 Xantho
643 2140 662 2160 a
680 2132 875 2164 verticoso!

265 2181 279 2197 ⁰
304 2177 358 2207 Ex
381 2176 516 2219 sommo]
552 2179 743 2212 Scriberem
767 2182 777 2199 ⁴
794 2191 836 2212 ex
861 2182 921 2214 So-

223 2225 348 2266 lymo:’
372 2235 448 2257 nam
465 2228 592 2268 Solymi
615 2231 730 2270 populi
754 2230 788 2261 in
805 2232 921 2273 Lycia,

223 2275 385 2307 Homero.
431 2277 476 2308 Et
500 2277 635 2319 Solyma
661 2280 740 2311 urbs
765 2286 800 2311 et
823 2282 920 2322 Soly-

222 2335 296 2357 mus
313 2326 471 2357 tumulus.

262 2381 280 2403 Ρ
304 2377 420 2407 Nastes
445 2380 475 2408 et
491 2377 731 2417 Amphimachus
752 2380 789 2410 de
807 2379 920 2421 Caria]

220 2426 361 2458 Homer.
375 2424 502 2463 Νάστης
517 2425 555 2457 αὖ
567 2429 675 2467 Καρῶν
685 2427 828 2466 ἡγήσατο
842 2432 918 2471 βαρ-

220 2476 420 2517 βαροφώνων,
431 2479 493 2508 &c.
515 2476 654 2515 Νάστης,
663 2478 859 2519 Ἀμφίμαχός
868 2492 916 2517 τε,

219 2526 369 2565 Νομίονος
384 2527 490 2566 ἀγλαὰ
511 2526 614 2559 τέκνα.
637 2531 645 2546 ‘
661 2528 787 2561 Nastes
803 2536 917 2562 autem

221 2577 341 2609 earum
358 2577 425 2607 dux
443 2582 518 2608 erat
534 2577 775 2616 Barbarornm,
793 2580 919 2612 Nastes

219 2626 550 2667 Amphimachusqne
570 2628 745 2659 Nomionis
770 2630 855 2660 clari
880 2630 917 2661 fi-

219 2675 281 2707 lii.’
326 2677 429 2708 Caria
444 2683 557 2709 autem
574 2677 677 2718 juxta
701 2679 914 2713 Maeandrum

218 2723 367 2757 fluvium.

269 2780 284 2801 ‘¹
317 2775 473 2816 Antiphus
506 2780 536 2807 et
566 2777 733 2819 DIesthles]
770 2779 912 2812 Homer.

219 2821 338 2864 Μῄοσιν
352 2822 390 2856 αὖ
404 2823 548 2864 Μέσθλης
563 2837 597 2857 τε
612 2825 662 2856 καὶ
672 2826 819 2868 Ἄντιφος
834 2828 911 2868 ἡγη-

980 1376 1110 1416 σάσθην,
1122 1376 1173 1408 ’Υῑε
1188 1374 1406 1414 Πυλαιμένεος,
1419 1373 1462 1405 τὼ
1477 1373 1592 1413 Γυγαίη
1607 1372 1678 1406 τέκε

979 1427 1085 1466 λίμνη,
1109 1427 1148 1458 Οἳ
1168 1426 1219 1458 καὶ
1238 1424 1365 1467 Μῄονας
1385 1423 1464 1464 ἦγον
1487 1424 1544 1454 ὑπὸ
1562 1424 1680 1463 Τμώλῳ

979 1479 1153 1516 γεγαῶτας.
1197 1475 1410 1507 ‘Maeonibus
1442 1474 1609 1506 Mesthles
1644 1480 1680 1506 et

981 1527 1150 1567 Antiphus
1167 1529 1350 1567 praeerant,
1368 1524 1443 1556 Filii
1462 1524 1679 1564 Pylaemenis,

980 1586 1062 1617 quos
1078 1577 1208 1617 Gygaea
1220 1575 1355 1616 peperit
1371 1574 1480 1615 palus,
1496 1574 1563 1607 Qui
1577 1575 1677 1605 etiam

980 1626 1133 1657 Maeonas
1149 1625 1323 1656 ducebant
1345 1623 1407 1655 sub
1422 1624 1542 1655 Tmolo
1558 1624 1678 1656 natos!

980 1675 1073 1707 Quos
1102 1680 1213 1706 autem
1236 1675 1288 1705 hic
1313 1674 1466 1706 Maeonas
1483 1679 1581 1705 vocat
1606 1675 1678 1706 Ho-

978 1734 1101 1764 meru5‚
1134 1725 1156 1755 ii
1197 1724 1284 1764 Lydi
1319 1728 1440 1764 postea
1468 1722 1552 1755 dicti
1586 1730 1676 1755 sunt.

977 1775 1066 1806 vide
1083 1775 1196 1806 Strab.
1213 1773 1372 1805 Eustarh.
1387 1775 1450 1805 διε.

1020 1830 1032 1845 ¹
1056 1826 1194 1856 Glaucus
1220 1823 1424 1865 Hippolochi]
1457 1823 1535 1856 Jam
1562 1834 1677 1864 supra,

979 1876 1035 1906 nbi
1054 1876 1095 1907 de
1112 1875 1325 1916 Sarpedone.
1347 1874 1447 1906 Quod
1462 1874 1514 1904 hic
1532 1874 1578 1904 ait
1596 1875 1676 1906 Dic-

978 1932 1044 1965 1ys‚
1071 1925 1240 1956 Glaucum
1265 1933 1284 1954 a
1305 1923 1503 1964 Sarpedone
1520 1924 1675 1958 ascitum,

978 1976 1072 2016 qnasi
1096 1974 1303 2014 inferiorem,
1327 1983 1410 2005 cave
1432 1974 1573 2005 credas:
1598 1984 1674 2005 nam

977 2026 1128 2058 Glaucus
1166 2024 1375 2065 Hippolochi
1406 2024 1493 2055 filins
1524 2025 1675 2055 Bellero-

975 2077 1109 2117 phontis
1134 2084 1253 2115 nepos,
1277 2074 1435 2105 amitinus
1451 2074 1676 2115 Sai·pedonis;

976 2128 1030 2158 cui
1062 2130 1170 2157 mater
1200 2124 1395 2164 Laodamia,
1423 2134 1517 2156 soror
1543 2126 1674 2166 Hippo-

976 2178 1077 2210 lochi.
1123 2177 1263 2209 Homer.
1283 2176 1382 2207 Iliad.
1399 2180 1432 2206 Z.
1459 2177 1629 2207 Mercerus.

1017 2233 1028 2247 ⁸
1051 2228 1192 2267 Phorcys
1206 2230 1236 2257 et
1251 2226 1406 2257 Ascanius
1422 2225 1580 2266 Phryges]
1604 2227 1675 2257 Ho-

973 2288 1057 2310 mer.
1081 2277 1195 2317 Φόρκυς
1211 2275 1248 2307 αὖ
1263 2275 1383 2316 Φρύγας
1401 2274 1474 2314 ἥγε,
1489 2276 1539 2306 καὶ
1562 2276 1674 2307 Ἀσκά-

973 2341 1034 2360 νιος
1049 2328 1191 2366 θεοειδὴς,
1205 2327 1281 2363 Τῆλ“
1298 2327 1329 2366 ἐξ
1343 2325 1516 2364 Ἀσκανίης.
1540 2328 1549 2343 ‘
1564 2327 1670 2358 Phor-

972 2388 1032 2419 cys
1061 2378 1226 2417 deinceps
1258 2377 1411 2416 Phryges
1443 2375 1603 2414 ducebat,
1634 2381 1671 2408 et

971 2429 1139 2460 Ascanius
1165 2426 1310 2464 divinus,
1341 2425 1467 2456 Procul
1494 2434 1537 2455 ex
1564 2425 1670 2457 Asca-

971 2479 1050 2511 nia.'
1093 2476 1278 2517 Phrygiam
1301 2480 1412 2506 autem
1435 2475 1603 2506 Minorem
1621 2476 1669 2506 in-

972 2528 1102 2568 tellige,
1126 2537 1201 2568 quae
1219 2526 1352 2565 longius
1377 2524 1498 2556 aberat
1519 2535 1539 2557 a
1554 2526 1670 2566 Troja.

971 2579 1024 2609 Ibi
1051 2577 1197 2608 Ascania
1228 2576 1326 2615 palus
1355 2581 1389 2605 et
1416 2575 1522 2614 regio.
1579 2576 1665 2607 vide

967 2628 1080 2660 Strab.
1095 2633 1130 2658 et
1150 2626 1303 2658 Eustath.

1009 2680 1019 2699 t
1042 2677 1183 2709 Chromis
1210 2675 1351 2706 Midom's
1374 2684 1414 2705 ex
1436 2676 1562 2716 Moesia]
1594 2677 1666 2709 Ho-

964 2739 1046 2760 mer.
1071 2730 1186 2759 Μυσῶν
1207 2726 1239 2758 δὲ
1262 2726 1376 2768 Χρόμις
1391 2725 1481 2766 ἦρχε,
1497 2727 1666 2761 καὶἜννο.

961 2792 1018 2819 μος
1033 2777 1203 2815 οἰωνιστής.
1236 2778 1245 2794 ‘
1259 2778 1367 2818 Mysis
1383 2782 1494 2808 autem
1510 2779 1664 2810 Chromis

963 2834 1123 2870 praeerat,
1149 2833 1183 2860 et
1213 2827 1382 2858 Ennemus
1410 2827 1542 2867 augur!
1587 2829 1663 2870 My·
