1915 3231
360 440 498 496 DE
569 441 779 499 ILII
853 438 1357 511 EXCIDIO,

445 617 538 659 EX
569 617 855 661 JOSEPHO
895 617 1272 668 SCALIGERO,

297 733 366 765 DE
411 734 831 768 EMENDATIONE
874 733 1194 767 TEMPORUM
1240 733 1344 766 LIB.
1382 732 1423 763 V.

132 1003 447 1063 POSTREMOS
486 1034 625 1063 annos
658 1021 845 1075 Mythici
885 1020 1093 1074 temporis
1129 1022 1299 1061 veteres
1339 1017 1589 1072 Scriptores

131 1089 329 1130 certatim
349 1089 524 1130 definire
547 1089 791 1137 voluerunt,
813 1087 934 1141 quod
959 1088 1048 1128 sint
1069 1087 1294 1128 memoriae
1327 1086 1591 1139 scriptorum

131 1156 344 1209 proximi,
361 1160 409 1196 ut
431 1156 583 1197 scribit
606 1154 885 1196 Censorinus.
916 1154 1004 1195 Sed
1019 1167 1156 1208 quare
1178 1155 1274 1208 ipse
1294 1166 1372 1194 eos
1395 1152 1590 1193 deducat

132 1223 189 1263 ab
226 1222 380 1264 Inachi
411 1235 545 1276 regno
577 1222 634 1264 ad
674 1223 864 1276 primam
896 1221 1225 1275 Olympiadem,
1265 1233 1353 1261 non
1384 1224 1527 1260 autem
1562 1231 1591 1259 a

130 1294 265 1343 capto
289 1289 387 1339 Ilio,
409 1295 458 1331 ut
480 1289 654 1342 reliqui,
678 1302 861 1330 causam
884 1302 970 1329 non
992 1288 1139 1342 capio.
1201 1287 1305 1329 Non
1326 1291 1479 1340 potest
1500 1285 1590 1326 dici

130 1369 262 1409 quam
282 1358 416 1398 variis
444 1356 628 1410 judiciis
650 1357 704 1397 lis
739 1356 958 1398 ventilata
980 1356 1051 1397 sit.
1113 1355 1169 1396 Et
1190 1353 1368 1408 quidem
1391 1352 1587 1394 omnium

130 1423 369 1464 sententias
392 1424 436 1463 in
469 1423 657 1464 medium
689 1423 840 1464 afferre
863 1424 1149 1464 ambitiosum
1171 1426 1254 1463 est.
1286 1421 1450 1474 Neque
1473 1420 1588 1460 enim

130 1502 294 1531 errores
315 1491 486 1531 alienos
507 1491 841 1543 triumphanmS,
864 1490 943 1531 sed
964 1494 1177 1543 quantum
1205 1493 1355 1544 potest
1377 1488 1469 1528 fieri
1506 1489 1589 1528 tol-

130 1556 275 1597 limus.
335 1556 402 1597 Ea
423 1557 555 1609 igitur
576 1562 644 1598 est
664 1556 969 1597 Tetraeteridis
992 1556 1165 1598 Graecae
1195 1556 1509 1604 commoditas,
1541 1558 1590 1596 ut

128 1635 188 1663 ex
209 1623 282 1664 die
316 1625 480 1664 mensis
520 1624 689 1664 sciatur
720 1628 863 1676 quota
898 1623 957 1664 sit
987 1623 1218 1676 Prytania‚
1252 1622 1387 1681 modo
1418 1625 1590 1663 constet

128 1694 292 1743 quotus
314 1692 372 1732 sit
402 1703 544 1732 annus
576 1690 891 1732 Tetraeteridis.
953 1689 1131 1740 Contra,
1153 1690 1270 1731 datis
1292 1689 1449 1730 diebus
1469 1702 1589 1729 men-

129 1757 192 1798 sis
214 1761 258 1798 et
280 1757 532 1811 Prytanias,
553 1757 911 1811 deprehenditur,
935 1763 1104 1810 quotus
1132 1758 1190 1798 sit
1211 1769 1350 1797 annus
1371 1757 1589 1797 Tetraete-

127 1824 251 1864 ridis.
310 1823 376 1865 Ut
396 1824 442 1864 in
471 1824 665 1865 Decreto
696 1823 1039 1864 Atheniensium
1074 1825 1120 1864 in
1152 1825 1337 1877 gratiam
1362 1824 1586 1864 Zenonis:

126 1890 215 1931 'E7r’
235 1889 424 1946 Αῤῥενῖδου
462 1888 661 1945 ἄρχοντος,
696 1889 753 1930 ἐπὶ
783 1894 847 1939 τῆς
878 1888 1149 1942 Ἀκαμαντίδος
1166 1889 1335 1943 πέμπτης
1355 1889 1588 1946 πρυτανείας,

128 1962 478 2014 Μαιμακτηριῶνος·
508 1957 643 2013 δεκάτῃ
682 1956 834 2012 ὑστέρᾳ,
862 1957 966 2013 τρίτῃ
998 1959 1061 1998 καὶ
1090 1961 1239 2014 εἰκοστῇ
1259 1961 1323 2006 τῆς
1357 1958 1587 2013 πρυτανείας.

129 2027 193 2067 Ut
226 2027 436 2068 vicesima
457 2027 623 2067 mensis
645 2025 1019 2067 Maernacterionis
1042 2026 1271 2080 popularis
1293 2027 1353 2067 sit
1374 2026 1586 2066 vicesima

127 2094 259 2135 tertia
281 2093 628 2147 Prytanias,hoc
650 2106 738 2134 non
757 2099 912 2146 potest
934 2094 1184 2147 contingere
1198 2093 1285 2134 nisi
1306 2105 1420 2134 anno
1444 2094 1585 2145 primo

127 2161 443 2202 Tetraeteridis.
501 2159 632 2200 Tunc
664 2161 782 2200 enim
805 2171 995 2201 xxvul.
1027 2159 1354 2214 Pyanepsionis
1373 2163 1440 2200 est
1460 2160 1585 2199 novi-

125 2228 306 2269 lunium„
369 2226 477 2267 Ideo
501 2237 594 2267 XX.
627 2227 1008 2268 Maemacterionis
1039 2231 1108 2267 est
1136 2237 1293 2267 xxlu.
1333 2225 1582 2279 Prytanias‚

126 2307 260 2348 quare
274 2294 487 2335 audacter
500 2307 737 2347 possumus
751 2294 908 2345 dicere,
918 2294 1028 2335 illud
1039 2294 1262 2335 decretum
1278 2293 1428 2334 datum
1442 2292 1581 2334 fuisse

127 2373 244 2401 anno
265 2360 407 2413 primo
428 2359 732 2401 Tetraeteridis
754 2360 931 2401 Atticae.
991 2359 1127 2411 Quod
1148 2361 1187 2401 si
1209 2364 1339 2413 quota
1361 2365 1479 2399 esset
1498 2359 1583 2400 Te-

124 2427 310 2468 traeteris
341 2426 511 2479 periodi
535 2427 699 2469 Atticae
722 2428 952 2477 sciremuS,
972 2432 1015 2468 et
1041 2427 1156 2467 diem
1177 2439 1325 2467 verum
1346 2425 1391 2465 in
1414 2424 1583 2466 Kalen-

125 2494 250 2535 dario
289 2493 319 2536 J
325 2493 473 2534 uliano
504 2494 607 2535 dare
645 2507 899 2548 possemus.
960 2494 1121 2547 Itaque
1153 2492 1353 2533 videmus
1388 2505 1487 2545 quae
1524 2493 1583 2534 sit

123 2561 294 2602 utilitas
328 2561 430 2601 anni
452 2559 595 2602 Attici
617 2565 660 2601 et
696 2560 921 2615 Olympici
943 2561 1000 2601 ad
1030 2559 1305 2600 notationem
1332 2561 1580 2611 temporum

123 2629 167 2669 in
187 2629 316 2669 rebus
339 2626 548 2668 Graeciae.
608 2626 759 2678 Quare
772 2629 988 2681 ignoratio
1010 2627 1140 2668 istius
1160 2625 1314 2666 formae
1335 2638 1418 2666 non
1435 2626 1579 2666 solum

123 2694 225 2736 huic
255 2694 440 2744 saecule,
463 2694 539 2735 sed
560 2697 602 2736 et
619 2695 778 2749 priscis
807 2695 1081 2750 temporibus
1101 2693 1307 2740 nocebat·
1366 2692 1438 2734 Ex
1470 2692 1578 2734 doc-
