1915 3231
536 547 664 604 AD
734 547 1255 607 LECTOREM.

165 855 457 914 POSTQUAM
482 864 535 906 L.
556 864 751 914 Florum,
772 865 816 904 in
852 877 979 904 usum
1008 863 1338 904 SERENissmr
1363 863 1620 904 DELPHINI

165 931 300 982 edidi,
323 932 500 981 Lector,
523 931 706 985 Dictym
730 930 985 972 Cretensem
1009 931 1063 971 de
1085 931 1204 972 bello
1226 930 1423 984 Trojano
1446 928 1623 982 aggredi

160 999 293 1053 jussa
309 1012 421 1040 sum.
482 998 653 1040 Notum
676 1002 746 1040 est
765 1011 865 1039 eum
887 999 1019 1050 vulgo
1036 999 1373 1052 supposititium
1392 997 1526 1046 credi,
1545 995 1624 1037 sed

167 1079 236 1106 res
257 1065 426 1107 credita
458 1070 627 1107 tantum
659 1071 704 1106 et
736 1079 763 1107 a
789 1066 962 1107 nemine
985 1065 1126 1106 adhuc
1149 1066 1349 1119 probata.
1409 1063 1557 1114 Quare
1576 1062 1624 1102 id

167 1134 213 1174 in
232 1134 387 1187 primis
408 1134 514 1174 mihi
536 1133 811 1187 probandum
824 1135 994 1186 putavi,
1017 1138 1062 1173 et
1081 1133 1136 1173 iis
1157 1132 1438 1185 argumentis,
1458 1131 1624 1184 quibus

167 1200 282 1242 fides
322 1201 521 1254 derogari
555 1213 642 1242 non
677 1206 843 1254 posset,
875 1201 1212 1254 pervincendum
1243 1200 1403 1240 falsum
1439 1198 1624 1252 Dictym

167 1280 266 1308 esse
298 1268 426 1308 hunc.
498 1266 631 1320 Coepi
671 1269 820 1321 itaque
854 1273 1061 1308 accurate
1095 1280 1181 1307 rem
1219 1265 1442 1320 persequi,
1478 1277 1622 1317 eaque

167 1335 314 1376 omnia
336 1335 559 1387 colligere,
582 1348 684 1388 quae
713 1335 807 1388 jam
829 1336 934 1376 olim
965 1336 1076 1375 bene
1098 1334 1235 1374 multa
1256 1333 1329 1373 hic
1352 1331 1622 1372 animadver-

166 1406 304 1444 teram
324 1415 349 1443 e
370 1403 611 1451 veteribus,
634 1402 705 1442 vel
725 1402 958 1443 immutata
990 1402 1058 1441 vel
1087 1400 1365 1448 adumbrata,
1388 1403 1521 1452 atque
1544 1399 1622 1446 ita,

167 1468 288 1521 quod
320 1468 465 1522 prima
502 1468 644 1509 fronte
683 1468 789 1509 mihi
838 1481 926 1509 non
963 1468 1140 1521 exiguae
1180 1467 1313 1507 molis
1360 1479 1460 1506 esse
1500 1465 1623 1506 vide-

165 1535 305 1585 batur,
328 1535 475 1576 fontes
510 1535 598 1575 fere
638 1548 811 1585 omnes,
841 1534 958 1576 unde
990 1547 1071 1575 sua
1099 1534 1252 1574 hausit
1285 1533 1350 1574 sic
1385 1536 1552 1582 noster,
1573 1536 1623 1572 ut

166 1601 390 1643 historiam
415 1615 542 1642 suam
564 1603 862 1652 concinnaret,
886 1603 1057 1657 aperui.
1134 1601 1296 1642 Habes
1327 1600 1476 1652 igitur,
1511 1599 1623 1639 Lec-

166 1673 246 1719 tor,
268 1669 623 1724 Pseudodictym
653 1670 929 1720 historicum,
953 1670 1030 1711 sed
1054 1669 1202 1711 utilem
1225 1674 1371 1708 tamen
1404 1671 1448 1708 et
1477 1666 1623 1708 erudi-

166 1742 274 1778 tum.
336 1737 385 1778 Is
428 1750 534 1778 sane
570 1743 740 1778 veteres
770 1751 925 1779 omnes
957 1738 1194 1790 scriptores
1231 1736 1285 1776 de
1333 1734 1623 1789 expeditione

166 1804 443 1852 Graecorum,
465 1805 611 1858 deque
651 1818 797 1846 eorum
836 1805 993 1854 reditu,
1032 1804 1260 1857 diligenter
1299 1803 1531 1856 pervolvit,
1563 1813 1623 1842 ex

167 1885 322 1913 eorum
344 1872 698 1926 discrepantibus
729 1873 942 1914 interdum
972 1873 1199 1914 sententiis
1221 1884 1300 1912 eas
1333 1869 1503 1923 saepius
1532 1868 1622 1909 ele-

166 1939 242 1991 git,
263 1952 362 1992 quae
385 1951 412 1980 a
443 1939 643 1992 pluribus
664 1943 709 1980 et
727 1953 754 1980 a
774 1941 1049 1992 gravioribus
1069 1939 1315 1980 traduntur.
1375 1937 1423 1977 Is
1442 1935 1624 1990 poetica

165 2007 313 2048 omnia
333 2006 537 2059 figmenta
557 2008 760 2054 resecuit,
783 2007 852 2047 vel
873 2020 926 2048 ea
943 2007 998 2048 ad
1016 2007 1213 2047 historiae
1230 2005 1361 2046 fidem
1377 2005 1442 2044 sic
1465 2004 1621 2044 immu-

165 2074 291 2123 tavit,
323 2078 371 2114 ut
390 2074 498 2115 nihil
519 2079 675 2116 contra
695 2075 1128 2116 verisimilitudinem
1146 2078 1313 2128 peccet.
1375 2071 1621 2112 Homerum

162 2141 394 2195 praecipue
413 2143 629 2196 sequitur,
650 2156 677 2183 a
695 2156 783 2196 quo
805 2148 954 2184 tamen
976 2144 1143 2196 saepius
1165 2141 1385 2189 dissentit,
1407 2144 1455 2180 ut
1476 2138 1546 2179 vel
1567 2137 1621 2177 de

162 2212 360 2261 tempore
377 2209 479 2262 ipso
501 2209 815 2263 expeditionis.
875 2211 1102 2251 Homerus
1133 2211 1313 2263 quippe,
1335 2211 1377 2248 et
1396 2209 1500 2260 post
1518 2218 1620 2245 eum

163 2274 240 2316 alii
261 2276 371 2317 bene
398 2277 542 2327 multi,
570 2281 689 2318 totos
721 2278 877 2331 viginti
908 2292 1046 2320 annos
1080 2278 1181 2318 huic
1213 2278 1429 2317 insumtos
1450 2273 1618 2321 dicunt,

163 2355 325 2396 nempe
358 2343 614 2387 decennium
646 2347 862 2387 exercitui
897 2346 1163 2399 colligendo,
1184 2348 1225 2384 et
1247 2344 1436 2384 alterum
1457 2340 1618 2382 decen-

163 2409 283 2450 nium
304 2409 360 2451 ad
383 2410 569 2465 Trojam
599 2413 823 2462 bellando,
845 2415 910 2454 ita
931 2414 1044 2454 enim
1066 2411 1183 2465 apud
1208 2423 1310 2450 eum
1333 2408 1528 2450 Helena.

385 2476 488 2527 *Hb‘n
509 2481 586 2534 γὰρ
609 2484 666 2520 νῦν
685 2497 747 2532 μοι
762 2480 842 2520 τόδε
863 2483 1026 2527 εἰκοστὸς
1048 2478 1124 2526 ἔτος
1143 2478 1256 2528 ἐστὶν,

392 2544 465 2594 ἘΞ
481 2544 519 2585 οὗ
535 2547 645 2587 κεῖθεν
664 2547 764 2598 ἔβην,
787 2548 850 2587 καὶ
873 2549 959 2601 ἐμῆς
979 2545 1194 2597 ἀπελήλυθα
1217 2543 1373 2600 πάτρης.

390 2622 494 2664 Jam
510 2625 626 2666 enim
644 2638 760 2667 nunc
782 2626 888 2667 mihi
902 2627 1144 2678 vigesimus
1165 2635 1307 2664 annus
1329 2627 1414 2671 est,

390 2689 461 2730 Ex
479 2704 569 2744 quo
591 2692 674 2734 huc
697 2694 795 2736 veni
818 2699 862 2736 et
883 2707 908 2735 a
929 2707 1025 2735 mea
1045 2691 1235 2734 discessi
1255 2690 1413 2745 patria,
