1915 3231
321 295 377 335 50
663 305 768 336 JAc.
802 305 1055 337 PEmzoNu
1092 305 1421 336 mSSERTA'rlo

321 404 524 457 epistolae
546 407 727 445 auctore
749 407 793 445 et
811 404 956 458 operis
968 404 1099 458 hujus
1112 405 1363 458 interprete,
1382 405 1662 459 reperiundo,
1682 418 1764 446 seu

320 471 363 510 in
383 471 662 520 declarando,
684 472 783 524 quis
802 470 932 512 suerit
951 471 1025 511 ille
1045 471 1303 524 Septimius,
1324 476 1365 512 et
1389 471 1565 526 quando
1587 472 1764 526 proprie

319 538 499 580 vixerit.
558 537 696 578 Nulla
724 538 937 578 habemus
967 538 1173 590 vestigia,
1194 550 1296 590 quae
1316 538 1362 578 in
1383 551 1436 579 eo
1455 538 1702 591 indagando
1724 541 1766 578 et

320 604 510 646 eruendo
536 617 784 658 sequamur,
802 605 886 645 nisi
913 618 1012 657 quae
1032 605 1158 645 nobis
1174 618 1257 646 una
1288 607 1302 626 ‘
1317 603 1375 654 Q.
1397 603 1556 646 Aradii
1586 604 1738 646 Rufini
1753 603 1764 620 '

319 671 480 712 mentio
498 671 685 724 praebet.
746 670 813 711 Ea
833 671 947 711 enim
970 671 1069 711 sola
1090 671 1157 711 uti
1181 671 1392 712 debemus
1414 671 1472 712 ad
1492 671 1763 713 constituen-

320 738 423 779 dam
445 738 651 791 Septimii
667 741 864 780 aetatem.
922 737 1011 779 Sed
1032 738 1154 779 illius
1182 751 1361 792 quoque
1397 742 1505 780 aetas
1526 739 1762 792 aliquantu-

318 805 409 846 lum
430 805 613 855 incerta,
652 806 754 858 quia
783 806 932 858 plures
963 805 1137 847 fuerunt
1168 806 1299 848 istius
1329 805 1520 846 nominis
1548 805 1765 846 homines.

320 871 420 913 Nec
442 872 572 921 enim,
593 872 714 926 quod
735 871 834 912 Viri
854 872 974 913 docti
993 871 1201 913 videntur
1219 872 1516 922 existimasse,
1537 885 1652 913 unus
1667 872 1764 921 suit,

318 946 363 980 et
383 939 459 992 qui
475 939 570 992 jam
604 940 688 979 sub
716 938 998 980 Diocletiano
1031 938 1280 980 Praefectus
1302 939 1439 980 Urbis
1460 939 1648 992 primum
1666 938 1764 988 fuit,

318 1011 363 1047 et
384 1007 459 1060 qui
485 1016 568 1046 nx.
591 1005 721 1046 annis
744 1010 848 1058 post
868 1005 923 1045 ab
938 1005 968 1046 J
973 1005 1122 1046 uliano
1143 1005 1288 1047 factus
1308 1009 1375 1046 est
1390 1004 1553 1047 Comes
1573 1005 1765 1047 Orientis

318 1072 436 1126 apud
476 1071 757 1113 Ammianum
799 1072 1108 1112 Marcellinum
1144 1072 1221 1113 lib.
1244 1082 1401 1113 xxur.
1442 1072 1538 1113 init.
1597 1072 1761 1126 Neque

317 1141 448 1180 etiam
468 1143 637 1192 putem,
660 1137 877 1179 Aradium
906 1138 1021 1178 hunc
1043 1137 1252 1179 Rufinum
1272 1151 1371 1179 esse
1398 1138 1520 1180 illum
1549 1139 1596 1179 in
1628 1139 1764 1193 Lapi-

319 1206 450 1247 dibus
471 1210 765 1246 memoratum
786 1207 798 1226 ‘
812 1204 872 1255 Q.
895 1203 1109 1246 Aradium
1130 1204 1341 1246 Rufinum
1353 1204 1578 1246 Valerium
1598 1205 1764 1247 Procu-

320 1272 438 1323 lum,’
469 1276 519 1313 ut
549 1275 698 1313 censet
736 1270 949 1312 Onufrius
984 1271 1028 1311 in
1063 1270 1213 1312 Fastis
1248 1269 1306 1312 ad
1325 1270 1502 1313 Annum
1543 1282 1765 1314 MLXVHI.

321 1353 451 1394 quem
471 1339 679 1380 tamenin
699 1352 753 1380 eo
773 1341 1014 1391 sequuntur
1043 1349 1211 1388 01111105,
1234 1351 1344 1392 quos
1373 1338 1479 1380 vidi.
1541 1338 1658 1380 Nam
1687 1339 1764 1381 ille

318 1407 450 1448 unico
485 1408 675 1456 nomine,
697 1405 769 1446 vel
803 1405 979 1459 paucis,
1001 1405 1041 1446 si
1079 1404 1394 1458 designaretur,
1429 1405 1642 1447 dicendus
1672 1410 1764 1448 erat

318 1475 597 1528 potissimum
629 1473 869 1515 ‘Valerius
902 1471 1152 1522 Proculus,'
1181 1473 1252 1514 vel
1285 1475 1455 1513 tantum
1486 1472 1766 1522 ‘Proculus,’

319 1555 439 1582 more
474 1541 605 1582 istius
637 1540 862 1594 temporis,
883 1552 972 1592 quo
1004 1552 1062 1580 ex
1086 1539 1285 1592 plurimis
1317 1540 1569 1580 nominibus
1590 1552 1766 1593 semper

320 1609 477 1649 ultimo
496 1607 704 1657 maxime,
725 1613 936 1660 tanquam
964 1606 1049 1647 sibi
1068 1606 1346 1660 potissimum
1376 1607 1582 1660 proprio,’
1611 1607 1767 1660 appel-

320 1675 525 1716 labantur
568 1674 779 1715 homines.
839 1674 910 1715 Ita
944 1673 1189 1726 Imperator
1217 1677 1229 1696 ‘
1244 1672 1294 1713 L.
1330 1672 1530 1714 Messius
1567 1673 1764 1724 Quintus

320 1741 537 1795 Trajanus
560 1740 756 1790 Decius:
787 1741 842 1781 ab
873 1740 1091 1790 omnibus,
1112 1739 1336 1780 Trebellio
1367 1739 1584 1789 Pollione,
1605 1741 1766 1782 Eutro-

320 1809 411 1862 pio,
430 1808 627 1858 Victore,
655 1807 827 1856 Orosio,
860 1807 1059 1860 Sulpicio
1095 1806 1276 1856 Severo,
1297 1808 1376 1847 810.
1405 1807 1575 1860 passim
1597 1807 1766 1860 simpli-

322 1876 430 1917 citer
450 1878 462 1898 ‘
477 1874 673 1925 Decius:
694 1874 767 1916 vel
787 1878 798 1895 ‘
813 1873 1031 1927 Trajanus
1053 1872 1244 1914 Decius'
1258 1873 1433 1914 dicitur.
1490 1873 1599 1928 Ejus
1620 1878 1765 1915 autem

322 1943 415 1983 sive
454 1942 584 1992 filius,
623 1942 717 1983 sive
755 1954 904 1994 gener,
937 1944 949 1962 ‘
968 1939 1020 1981 C.
1041 1939 1213 1981 Valens
1246 1939 1529 1981 Hostilianus
1569 1940 1765 1982 Messius

323 2008 542 2059 Quintus,'
571 2009 831 2062 simpliciter
851 2010 864 2029 ‘
880 2008 1100 2058 Quintus,’
1132 2008 1263 2049 sicuti
1293 2006 1494 2060 Augusta
1512 2007 1632 2048 illius
1652 2012 1765 2049 tem-

321 2076 443 2129 poris
482 2079 496 2097 ‘
517 2075 661 2117 Gnaea
695 2076 799 2117 Seia
834 2075 1062 2116 Herennia
1100 2074 1312 2115 Sallustia
1341 2074 1508 2115 Barbia
1545 2074 1740 2116 Orbiana
1756 2074 1768 2091 '

322 2143 512 2184 breviter
528 2145 540 2164 ‘
554 2143 718 2184 Barbia
733 2141 947 2183 Orbiana'
962 2145 1157 2183 vocatur.
1189 2141 1279 2182 Sed
1294 2146 1340 2183 et
1356 2141 1429 2183 hic
1443 2142 1540 2196 ipse
1558 2144 1570 2164 ‘
1583 2141 1639 2192 Q.
1654 2142 1767 2184 Ara-

323 2208 424 2249 dius
445 2208 634 2250 Rufinus
658 2208 869 2250 Valerius
889 2208 1106 2249 Proculus
1122 2207 1132 2224 '
1161 2209 1207 2249 in
1237 2221 1420 2261 corpore
1450 2208 1551 2262 ipso
1581 2209 1767 2263 inscrip-

322 2277 457 2317 tionis
489 2288 520 2318 1.
551 2290 596 2331 p.
628 2276 728 2318 362.
767 2275 886 2330 apud
923 2274 1155 2316 Gruterum
1196 2275 1398 2316 omnibus
1429 2274 1605 2328 quidem
1639 2275 1764 2317 hisce

322 2344 571 2385 nominibus
591 2343 655 2384 ita
675 2342 950 2396 exprimitur,
974 2347 1022 2383 at
1051 2342 1096 2382 in
1113 2342 1212 2396 ejus
1240 2341 1415 2394 fastigio
1436 2342 1554 2395 lapis
1580 2342 1664 2383 iste
1685 2355 1767 2395 po-

323 2411 435 2451 situs
456 2411 656 2452 scribitur
676 2414 846 2452 tantum
866 2413 878 2431 ‘
893 2409 1073 2450 Valerio
1094 2409 1285 2450 Proculo
1300 2408 1358 2448 V.
1375 2408 1427 2449 C.
1448 2408 1638 2450 Praesidi
1654 2408 1765 2451 Pro-

322 2478 481 2519 vinciae
497 2477 602 2519 Val.
623 2475 895 2531 Byzacenae.’
932 2476 1089 2530 Neque
1104 2476 1230 2517 aliter
1249 2479 1262 2500 ‘
1275 2475 1328 2517 L.
1344 2474 1538 2517 Aradius
1556 2475 1765 2518 Valerius

322 2544 575 2593 Proculus,'
604 2545 725 2599 apud
755 2544 991 2586 Gruterum
1020 2557 1064 2597 p.
1083 2543 1181 2585 361.
1212 2543 1259 2583 in
1291 2542 1462 2583 duobus
1496 2543 1765 2585 carminibus

324 2612 478 2666 majori
508 2613 650 2664 titulo,
675 2613 750 2666 qui
780 2624 930 2653 omnes
961 2611 1055 2665 ejus
1083 2610 1272 2652 honores
1302 2610 1506 2659 continet,
1535 2610 1765 2663 subjectis,

324 2684 496 2721 tantum
530 2679 800 2721 ‘Proculus'
823 2679 996 2720 dicitur.
1059 2677 1174 2729 Quae
1205 2678 1305 2730 ipsa
1325 2676 1518 2717 carmina
1547 2677 1677 2717 etiam
1707 2676 1763 2717 ad

325 2743 384 2794 Q.
415 2745 490 2786 Ar.
531 2745 639 2787 Rus.
668 2745 773 2787 Val.
808 2745 1042 2786 Proculum
1074 2743 1279 2785 Onufrius
1313 2743 1428 2784 male
1460 2743 1622 2792 retulit,
1657 2744 1764 2785 licet

323 2812 361 2852 is
382 2811 561 2863 Consul,
582 2817 699 2854 certe
716 2811 975 2862 ordinarius,
997 2824 1218 2865 nunquam
1239 2810 1375 2852 fuisse
1396 2810 1604 2852 videatur.
