1915 3231
244 324 329 365 302
743 334 956 364 DAREi‘rs
992 334 1200 364 PHRYGH

245 442 358 479 esse,
380 428 456 470 sed
480 428 825 470 Laomedontem
856 441 935 469 eos
966 428 1155 481 priorem
1189 428 1388 471 laesisse:
1422 429 1692 472 Antenorem

244 496 472 538 discedere
487 496 662 550 jubent.
722 496 830 536 Inde
861 496 1022 550 Pylum
1058 496 1115 537 ad
1149 496 1381 538 Nestorem
1413 499 1546 548 venit,
1577 498 1693 540 dixit

244 564 429 606 Nestori
450 576 539 617 qua
558 563 612 604 de
633 576 769 605 causa
789 563 998 604 venisset.
1057 561 1147 613 Qui
1168 568 1213 605 ut
1242 564 1423 613 audivit,
1454 565 1596 618 coepit
1614 565 1692 606 ob-

234 633 426 687 jurgare,
446 644 523 672 cur
544 643 681 672 ausus
702 631 760 671 sit
779 631 824 671 in
846 630 1066 672 Graeciam
1087 631 1246 680 venire,
1270 644 1368 672 cum
1390 645 1417 672 a
1437 632 1690 686 Phrygibus

241 700 392 742 Graeci
412 699 533 753 prius
553 699 654 740 laesi
673 698 873 740 fuissent.
933 698 1023 740 Ubi
1044 698 1216 739 audivit
1235 698 1433 740 Antenor
1462 699 1525 739 nil
1546 699 1689 753 impe-

240 773 398 816 trasse,
419 771 465 807 et
485 765 804 821 contumeliose
834 766 1005 807 tractari
1026 765 1264 814 Priamum,
1292 766 1440 807 navim
1472 779 1688 808 conscen-

241 836 321 885 dit,
352 835 529 875 domum
563 846 765 874 reversus
794 837 874 874 est.
935 834 1113 875 Priamo
1148 833 1236 886 regi
1269 833 1552 884 demonstrat,
1575 847 1688 888 quo-

239 903 373 945 modo
403 900 710 954 unusquisque
740 900 1040 954 responderit:
1073 905 1118 941 et
1138 899 1360 953 quomodo
1382 901 1438 941 ab
1462 900 1550 941 illis
1572 906 1689 942 trac·

238 974 357 1012 tatus
392 970 474 1009 sit:
515 968 734 1021 simulque
765 968 964 1009 hortatus
998 972 1064 1009 est
1098 968 1336 1017 Priamum,
1369 973 1418 1008 ut
1453 980 1531 1008 eos
1566 967 1685 1008 bello

237 1040 544 1091 persequatur.
604 1035 687 1088 [6.]
718 1035 942 1076 Continuo
974 1035 1177 1076 Priamus
1206 1034 1322 1075 filios
1357 1035 1507 1075 vocari
1537 1034 1685 1088 jubet,

236 1110 279 1145 et
300 1117 453 1145 omnes
470 1104 636 1144 amicos
659 1115 780 1151 suos,
798 1100 1083 1151 Antenorem,
1100 1101 1342 1151 Anchisen,
1357 1102 1543 1152 AEnean,
1567 1101 1685 1142 Uca-

233 1168 486 1224 legontem,‘³
509 1170 831 1219 Bucolionem,e
860 1166 1109 1217 Panthum,f
1137 1169 1443 1222 Lamponem,g
1463 1172 1510 1209 et
1532 1181 1684 1209 omnes

234 1238 351 1279 filios
373 1239 448 1291 qui
471 1251 529 1279 ex
551 1235 810 1278 concubinis
839 1236 932 1276 nati
963 1241 1099 1276 erant.
1162 1235 1250 1286 Qui
1286 1242 1338 1276 ut
1373 1241 1683 1286 convenerunt,

234 1305 349 1346 dixit
368 1306 433 1346 eis
456 1319 505 1346 se
527 1304 791 1345 Antenorem
813 1302 1004 1354 legatum
1026 1303 1072 1343 in
1094 1302 1317 1344 Graeciam
1345 1303 1533 1352 misisse,
1562 1306 1610 1344 ut
1638 1303 1684 1344 hi

233 1373 319 1413 sibi
340 1372 646 1413 satisfacerent
668 1369 784 1423 quod
805 1373 974 1422 patrem
1001 1383 1128 1410 suum
1155 1375 1403 1421 necassent,
1427 1369 1681 1412 Hesionam

232 1440 319 1481 sibi
340 1439 584 1488 redderent,
596 1439 696 1479 illos
718 1437 1040 1478 contumeliose
1054 1436 1304 1487 tractasse,⁶
1321 1436 1337 1459 ¹¹
1356 1443 1401 1478 et
1416 1436 1683 1479 Antenorem

230 1507 340 1548 nihil
361 1507 418 1547 ab
448 1507 511 1547 eis
546 1507 833 1559 impetrasse:
866 1516 1015 1545 verum
1037 1505 1243 1558 quoniam
1267 1518 1392 1546 suam
1414 1505 1682 1546 voluntatem

229 1575 370 1616 facere
390 1574 653 1622 noluissent,
671 1572 807 1614 videri
830 1572 915 1613 sibi
928 1573 1177 1614 exercitum
1194 1574 1238 1614 in
1253 1573 1476 1615 Graeciam
1492 1573 1682 1622 mittere,

229 1642 306 1695 qui
340 1640 518 1694 praedas
549 1644 747 1694 raperet⁷
795 1640 850 1680 ab
880 1639 972 1691 eis;
1007 1653 1063 1680 ne
1096 1638 1331 1682 barbarosi
1361 1640 1509 1682 Graeci
1537 1640 1682 1681 irrisui

227 1708 450 1748 haberent.
511 1706 817 1759 Hortatusque
840 1709 908 1747 est
924 1705 1126 1747 Priamus
1146 1707 1311 1748 liberos
1331 1719 1455 1756 SUOS,
1478 1711 1526 1747 ut
1545 1705 1679 1759 hujus

227 1776 288 1816 rei
309 1775 530 1828 principes
563 1774 719 1822 forent,
753 1773 947 1813 maxime
970 1772 1240 1815 Hectorem:
1272 1778 1367 1814 erat
1396 1773 1509 1813 enim
1536 1773 1679 1827 major

226 1846 356 1883 natu:
389 1842 463 1895 qui
485 1841 626 1894 coepit
647 1840 804 1889 dicere,
827 1840 938 1881 velle
970 1852 1018 1880 se
1041 1840 1220 1893 quidem
1248 1839 1519 1881 voluntatem
1540 1840 1678 1893 patris

225 1911 403 1963 exequi,
424 1914 468 1949 et
485 1907 799 1949 Laomedontis
823 1907 896 1947 avi
917 1907 987 1947 sui
1009 1919 1163 1947 necem
1184 1907 1357 1955 ulcisci,
1376 1913 1420 1948 et
1442 1919 1676 1960 quascum-

225 1990 310 2030 que
344 1977 526 2031 injurias
559 1975 709 2017 Graeci
741 1974 950 2028 Trojanis
988 1974 1215 2023 fecissent,
1249 1987 1302 2014 ne
1333 1974 1596 2027 impunitum
1628 1973 1673 2014 id

225 2044 376 2085 Graiis
410 2044 543 2085 soret:
576 2043 656 2085 sed
679 2043 831 2093 vereri,
863 2054 917 2082 ne
953 2041 1068 2082 non3
1100 2041 1307 2094 perficere
1344 2046 1526 2094 possent
1553 2040 1674 2096 quod

825 2173 1064 2185 ‘Mutuo‘

265 2262 285 2290 6
310 2259 490 2291 Tractantes
515 2259 704 2301 Delph.—7
729 2260 860 2300 Repetet
875 2260 1064 2300 Delph.—-8
1087 2258 1229 2290 Omittit
1247 2257 1372 2298 Delph.
1392 2256 1544 2288 voculam
1559 2266 1630 2289 uon.

877 2386 1016 2419 NOTAE

259 2461 274 2482 ¹¹
303 2461 537 2502 Ucalegontem]
558 2461 614 2494 De
628 2471 694 2504 quo
712 2461 814 2494 Hom.
828 2461 868 2495 11.
881 2466 915 2494 Γ.
967 2461 1076 2500 sisset,
1090 2462 1099 2480 ‘
1114 2461 1188 2492 illos
1204 2460 1447 2492 contumeliose
1465 2460 1599 2502 egisse!

218 2517 251 2543 et
268 2512 364 2551 Virg.
377 2513 451 2544 AEn.
470 2521 511 2544 11.
1009 2511 1017 2532 ἰ
1040 2512 1091 2542 Ne
1107 2511 1266 2551 barbaros]
1285 2511 1338 2542 Ne
1352 2511 1483 2541 mireris
1499 2511 1553 2541 hic
1571 2510 1668 2541 Pria-

259 2566 273 2581 e
295 2562 513 2603 Bucozionem]
545 2562 674 2594 Priami
698 2562 839 2595 fratrem
857 2573 915 2605 pa·
967 2571 1058 2592 mum
1086 2571 1121 2591 se
1157 2561 1268 2601 ipsum
1305 2560 1492 2591 Barbarum
1531 2569 1667 2591 vocare.

216 2617 363 2644 ternum.
968 2613 1056 2644 Nam
1073 2614 1120 2642 sic
1136 2610 1227 2652 apud
1249 2610 1447 2650 Euripidem
1472 2610 1614 2641 Hecuba
1630 2616 1667 2642 et

259 2661 273 2681 f
290 2663 466 2704 Panlhum]
488 2664 625 2695 Patrem
645 2664 917 2706 Polydamantis‚
968 2663 1100 2694 Hector
1129 2671 1165 2692 se
1195 2661 1286 2701 ipsos
1317 2666 1442 2691 vocant
1472 2660 1666 2692 Barbaros:

216 2711 258 2743 de
275 2722 341 2753 quo
358 2715 444 2754 apud
462 2714 602 2755 Dictyn.
967 2723 1078 2754 neque
1109 2717 1191 2743 tuuc
1224 2711 1310 2742 male
1341 2710 1484 2741 sonabat
1513 2711 1665 2752 appella·

258 2767 274 2789 ἕ
296 2763 498 2804 Lamponem]
521 2765 676 2797 Fratrem
693 2764 835 2796 Priami.
968 2764 1015 2795 tio
1038 2762 1109 2802 illa,
1132 2766 1168 2793 ut
1183 2761 1268 2793 male
1291 2760 1425 2803 quidam
1440 2761 1505 2793 sibi
1527 2770 1666 2802 persua·

257 2812 273 2832 h
297 2813 371 2844 Illos
395 2816 608 2847 contumeliose
638 2819 789 2847 tractasse
814 2815 913 2855 [trac·
967 2813 1061 2846 dent.

213 2862 331 2903 rantes]
366 2865 476 2896 Deest
496 2865 645 2906 aliquid;
669 2865 788 2897 melius
803 2866 909 2906 scrip-
