1915 3231
280 329 366 371 334
775 339 990 370 DARETis
1026 339 1232 370 Pflnrou

283 435 426 476 factus
447 438 527 484 est,
553 433 753 474 Priamus
769 445 927 485 magno
949 432 1096 474 animo
1120 432 1272 484 surgit,
1292 433 1444 485 ingerit
1456 432 1592 474 multa
1606 431 1724 474 mala

285 501 500 543 Antenori
520 506 564 541 et
584 501 766 542 AEneae:
797 513 871 541 eos
893 504 1098 541 auctores
1116 501 1224 541 belli
1245 500 1481 554 appetendi
1500 500 1654 550 fuisse,
1681 503 1725 540 et

282 569 458 621 legatos
492 569 534 608 in
562 567 786 609 Graeciam
815 568 1030 617 mittendi,
1065 581 1162 608 cum
1194 569 1290 621 ipse
1321 580 1496 621 quoque
1522 567 1725 608 Antenor

282 635 455 687 legatus
473 635 664 684 redierit,
689 638 731 675 et
749 634 1064 676 renuntiaverit
1085 647 1132 675 se
1154 634 1469 675 contumeliose
1489 638 1723 674 tractatum

282 714 393 742 esse.
456 701 629 742 Deinde
653 705 698 742 et
718 701 922 750 AEneam,
943 701 1020 754 qui
1040 714 1138 742 cum
1159 700 1421 741 Alexandro
1444 700 1659 741 Helenam
1678 705 1724 740 et

281 768 477 821 praedam
513 768 730 822 eripuerit.
791 767 1067 821 Quapropter
1100 772 1269 809 certum
1301 768 1387 809 sibi
1418 779 1533 816 esse,
1567 779 1722 820 pacem

280 848 367 876 non
395 835 515 877 fieri:
545 835 819 888 imperatque
848 838 898 874 ut
927 846 1078 874 omnes
1104 835 1247 888 parati
1284 834 1384 883 sint,
1417 846 1517 874 cum
1551 833 1722 886 signum

282 902 464 951 dederit,
497 914 573 955 per
602 905 757 954 portas
792 900 1078 954 irruptionem
1113 900 1281 941 facere:
1314 904 1388 941 aut
1416 901 1603 950 vincere,
1643 904 1723 941 aut
1754 935 1758 944 .

279 969 390 1009 mori
411 969 494 1008 sibi
511 972 676 1009 certum
694 979 807 1008 esse.
868 967 915 1007 H
920 981 986 1008 aec
1006 971 1244 1020 postquam
1265 968 1391 1017 dixit,
1403 967 1555 1008 multis
1572 966 1720 1008 verbis

279 1048 358 1076 eos
378 1035 595 1083 hortatus,
627 1034 859 1074 concilium
878 1033 1059 1082 dimisit,
1078 1032 1449 1086 Amphimachum
1479 1034 1526 1073 in
1555 1033 1721 1086 regiam

279 1101 419 1150 duxit,
439 1101 640 1154 dixitque
676 1114 723 1142 se
749 1101 886 1142 vereri
921 1101 976 1141 ab
1005 1100 1074 1141 his
1094 1101 1169 1155 qui
1203 1113 1355 1154 pacem
1390 1103 1634 1150 suaserant,
1665 1112 1720 1140 ne

278 1168 492 1221 oppidum
513 1167 717 1222 prodant,
738 1180 903 1221 eosque
924 1167 1088 1208 habere
1109 1167 1268 1208 multos
1293 1167 1347 1207 de
1368 1167 1498 1221 plebe
1520 1166 1596 1221 qui
1617 1179 1719 1207 cum

277 1235 342 1275 eis
363 1234 581 1276 sentiant:
614 1247 730 1287 opus
751 1246 852 1274 esse
875 1247 953 1275 eos
976 1234 1173 1275 interfici.
1219 1235 1268 1275 Si
1286 1234 1370 1275 hoc
1387 1233 1554 1275 factum
1578 1233 1650 1282 sit,
1671 1246 1720 1274 se

276 1301 462 1354 patriam
484 1301 775 1350 defensurum,
810 1304 856 1341 et
881 1299 1073 1353 Argivos
1105 1306 1430 1354 superaturum.
1488 1300 1718 1354 Simulque

274 1369 413 1418 rogat,
436 1370 482 1407 ut
503 1367 589 1407 sibi
606 1366 750 1407 fidelis
771 1370 816 1408 et
832 1366 1058 1416 obediens,
1081 1371 1349 1420 paratusque
1371 1379 1472 1408 cum
1488 1367 1620 1408 armis
1637 1367 1719 1408 sit:

273 1432 342 1473 id⁵
367 1433 461 1474 sine
483 1433 740 1486 suspicione
759 1433 818 1474 ita
839 1433 930 1474 fieri
951 1446 1113 1487 posse:
1133 1439 1314 1486 postera
1327 1434 1409 1484 die,
1425 1435 1488 1475 ita
1507 1434 1570 1474 uti
1588 1434 1718 1483 solet,

273 1512 362 1539 rem
397 1500 592 1542 divinam
627 1501 860 1549 facturum,
893 1513 1060 1553 eosque
1091 1500 1147 1541 ad
1177 1514 1350 1542 coenam
1383 1499 1681 1541 vocaturum.⁶
1699 1498 1718 1523 ¹¹

274 1565 402 1607 Tunc
423 1565 770 1620 Amphimachus
791 1567 978 1608 consilio
1008 1568 1252 1621 approbato
1272 1568 1356 1609 hoc
1379 1568 1596 1609 facturum
1613 1579 1716 1621 pro-

272 1632 423 1682 mittit,
445 1620 575 1686 atque
597 1634 659 1674 ita
681 1634 737 1674 ab
771 1646 824 1674 eo
855 1633 1081 1676 discessit.
1138 1634 1242 1688 [39]
1274 1633 1441 1675 Eodem
1463 1634 1534 1675 die
1556 1646 1716 1675 conve-

272 1699 399 1739 niunt
420 1699 533 1739 clam
551 1698 762 1749 Antenor,
780 1699 1064 1753 Polydamas,
1084 1699 1338 1754 Ucalegon,i
1356 1698 1713 1754 AmphidamaS‚¹‘

271 1763 465 1806 Dolon:¹
486 1765 635 1807 dicunt
651 1780 698 1807 se
713 1767 858 1806 mirari
878 1767 1162 1820 pertinaciam
1183 1769 1294 1820 regis
1317 1768 1393 1820 qui
1412 1768 1592 1809 clausus
1612 1780 1713 1808 cum

270 1831 416 1883 patria
433 1837 477 1873 et
498 1833 735 1873 comitibus
757 1833 897 1886 perire
917 1834 1082 1883 mallet,
1100 1846 1229 1888 quam
1249 1847 1403 1887 pacem
1419 1834 1574 1875 facere.
1618 1832 1712 1874 An·

269 1901 390 1938 tenor
410 1898 473 1938 ait
492 1912 540 1939 se
560 1899 775 1940 invenisse
797 1900 905 1952 quid
926 1900 1177 1941 faciendum
1199 1901 1273 1950 sit,
1295 1901 1411 1954 quod
1433 1901 1516 1941 sibi
1536 1904 1581 1941 et
1610 1900 1703 1940 illis

268 1965 310 2004 in
331 1977 554 2006 commune
573 1965 792 2019 proficiat,
813 1967 914 2007 dum
930 1967 1016 2008 sibi
1041 1973 1084 2009 et
1104 1968 1194 2010 illis
1215 1969 1327 2011 foret
1353 1968 1483 2010 fides,
1543 1967 1706 2008 Omnes

866 2095 1108 2111 eeeeeeeeeeee

309 2183 327 2209 5
356 2179 411 2219 Ut,
427 2183 463 2211 et
479 2189 553 2211 mox
567 2183 678 2222 posset,
694 2181 886 2223 Delph.—6
913 2181 1028 2215 Vocare
1044 2182 1168 2223 Delph.

914 2295 1059 2328 No'rAE

264 2366 396 2406 ercitu,’
414 2367 446 2398 id
465 2372 528 2408 est,
545 2378 619 2399 cnm
636 2372 709 2400 toto
725 2370 892 2402 exercitu.
1054 2369 1069 2391 ¹⁴
1091 2370 1328 2412 Amphidamas]
1368 2371 1506 2403 Nullum
1523 2371 1708 2413 Amphida-

305 2415 320 2436 ¹¹
345 2417 464 2456 trosque
488 2419 528 2448 acl
552 2428 666 2449 coenam
689 2423 866 2450 vocaturum
890 2420 958 2461 [vo-
1011 2425 1161 2451 mantem
1195 2420 1373 2461 Trojannm
1411 2422 1500 2452 novi.
1554 2423 1708 2455 Fuerunt

261 2467 346 2506 care]
367 2471 376 2485 ‘
389 2466 546 2506 Vocare,'
562 2478 623 2508 pro
640 2471 648 2485 ‘
659 2469 879 2500 vocaturum.’
900 2470 958 2501 In·
1012 2469 1145 2510 quidem
1162 2469 1238 2501 olim
1255 2471 1368 2510 plures
1383 2469 1705 2510 Amphidamantes3

261 2516 334 2546 nuit
350 2521 475 2556 autem,
490 2526 546 2547 eos
569 2526 673 2558 super
694 2527 790 2550 coena
812 2518 958 2551 interfici
1012 2529 1096 2550 unus
1113 2520 1261 2561 Lycurgi
1276 2519 1363 2550 filius
1379 2529 1422 2550 ex
1443 2520 1599 2559 Athenis,
1619 2521 1706 2552 alius

261 2570 432 2604 oportere.
1011 2579 1052 2601 ex
1080 2571 1233 2611 Opunte,
1268 2571 1365 2611 cujus
1397 2571 1500 2602 filium
1531 2571 1705 2603 interfecit

302 2613 310 2634 ί
337 2615 510 2655 Ucalegon]
543 2615 610 2646 Hic
625 2615 872 2656 Ucalegontem
889 2617 956 2649 Da·
1009 2620 1200 2656 Patroclus,
1217 2620 1296 2651 item
1314 2620 1480 2651 Busiridis
1492 2619 1590 2652 filius.

262 2673 314 2694 res
333 2664 438 2699 addit,
455 2666 569 2696 nescio
586 2666 687 2697 unde.
734 2666 821 2697 Nam
849 2666 892 2697 de
915 2676 956 2698 eo
1051 2668 1058 2689 ¹
1080 2669 1199 2709 Dolon]
1234 2669 1340 2710 Atqui
1359 2670 1431 2710 jani
1448 2670 1578 2710 pridem
1594 2669 1637 2701 ab
1659 2670 1708 2701 U-

260 2718 377 2744 iacent
393 2714 460 2746 alii.
504 2715 613 2746 Immo
629 2716 790 2755 Virgilius
807 2716 880 2756 ejus
896 2717 954 2748 do·
1007 2720 1096 2760 lysse
1116 2723 1152 2751 et
1174 2720 1341 2751 Diomede
1365 2721 1589 2760 interceptus,
1606 2729 1705 2751 occu-

259 2771 347 2793 mum
365 2764 533 2795 incensam
550 2765 655 2805 dicit;
679 2775 698 2796 a
714 2776 779 2806 qua
794 2767 955 2798 verisimi-
1009 2769 1127 2800 buerat
1141 2769 1260 2800 Dolon.
1289 2767 1355 2799 Sed
1373 2779 1390 2798 a
1408 2774 1546 2810 recepta
1560 2770 1704 2801 aliorum

259 2811 336 2842 liter
367 2812 482 2844 Graeci
513 2814 768 2855 abstinuissent,
797 2816 826 2848 si
864 2816 953 2850 inter
1007 2818 1164 2860 opinione
1182 2819 1290 2850 Dares
1307 2817 1447 2850 recedit.

260 2861 452 2900 proditores
468 2863 587 2896 fuisset
604 2864 794 2906 Ucalegon.
