1915 3231
687 324 848 355 scENA
881 324 1078 355 Timum.
1551 314 1605 355 81

212 425 264 468 In
293 425 416 467 hisce
445 437 546 467 vero
577 424 857 477 agitabantur
886 436 970 464 non
1001 425 1171 463 tantum
1193 420 1435 476 quadrigae.
1494 424 1607 465 Stat.

156 504 263 534 νιιι.
300 492 438 534 Theb.
472 491 574 534 370.
609 504 761 533 verum
794 494 838 532 et
880 490 1010 542 bigae.
1047 490 1182 530 Hom.
1214 489 1343 530 Iliad.
1373 488 1422 537 ψ.
1491 489 1607 541 Quae

154 562 409 614 spectantur
429 559 471 600 in
494 558 694 613 pluribus
717 558 964 599 Siculorum
990 561 1125 610 atque
1149 555 1406 598 Graecorum
1431 556 1609 599 Numis-

152 627 348 669 matibus
383 625 505 680 apud
537 625 778 676 Goltzium,
809 625 1035 674 Parutam,
1065 623 1433 675 Volkhamerum,
1466 623 1609 677 Bege-

154 707 265 743 rum,
284 695 364 734 δίο.

211 759 302 801 Hae
339 762 484 800 autem
520 758 636 812 bigae
687 757 807 812 apud
842 757 1026 799 citatum
1076 756 1321 808 Goltzium,
1351 757 1499 800 Graec.
1538 757 1608 799 30.

151 827 266 869 Tab.
301 827 348 868 in
379 825 581 880 Philippi
619 825 731 878 regis
768 823 977 865 Nummo.
1035 823 1219 877 Quippe
1245 824 1317 865 hic
1347 837 1436 865 non
1467 823 1609 866 solum

152 906 277 948 saepe
297 893 343 935 in
376 891 629 946 Olympicis
670 891 793 942 vicit,
815 891 1132 944 quadrigarum
1161 890 1452 944 bigarumque
1475 889 1610 931 curri-

153 960 271 1010 culo,
300 959 488 1015 (Justin.
511 969 607 1000 X11.
629 956 724 1012 16.)
745 970 893 1000 verum
916 958 1048 999 etiam
1072 957 1249 998 curules
1272 957 1609 1012 Olympicorum

152 1028 362 1068 victorias
393 1026 752 1068 Numismatibus
794 1025 1001 1078 insignire
1031 1028 1100 1066 est
1131 1024 1309 1074 solitus,
1346 1028 1461 1066 teste
1501 1024 1610 1066 Plu-

152 1093 315 1134 tarcho.

210 1158 436 1200 Ludorum
478 1158 664 1213 denique
706 1157 1039 1212 Olympieorum
1099 1157 1315 1199 curulium
1372 1158 1608 1199 meminere

155 1226 319 1267 Horat.
344 1237 375 1268 1.
407 1225 491 1267 Od.
512 1227 549 1266 l.
569 1226 610 1267 3.
633 1225 814 1266 Pindar.
837 1224 1015 1279 Olymp.
1033 1225 1074 1266 2.
1096 1224 1180 1265 Od.
1200 1223 1324 1277 Virg.
1348 1235 1421 1265 ιιι.
1443 1223 1608 1276 Georg.

154 1293 223 1334 18.
245 1295 326 1333 &c.

525 1453 618 1502 TA
629 1453 825 1502 BULA
895 1451 1218 1506 QUARTA.

651 1600 801 1642 XIX.
862 1598 1112 1642 HYDRA.

422 1701 524 1742 Lm.
556 1710 624 1743 lv.
658 1699 776 1741 CAP.
811 1699 878 1740 19.
911 1699 987 1740 ubi
1009 1698 1065 1739 de
1088 1697 1349 1739 Philoctete.

180 1823 194 1842 ‘
214 1820 395 1875 Quippe
417 1820 632 1862 Herculis
654 1824 849 1860 armatus
872 1818 1060 1871 sagittis,
1082 1831 1182 1871 quae
1205 1817 1381 1858 infectae
1405 1816 1575 1872 Hydrae

320 1889 531 1941 sanguine
554 1886 670 1928 haud
691 1886 786 1927 sine
805 1886 944 1926 exitio
969 1886 1143 1939 corpori
1164 1885 1434 1937 figebantur?

207 1977 368 2018 INTER
382 1977 558 2019 labores
578 1977 672 2018 sive
688 1976 926 2017 certamina
941 1975 1150 2016 Herculis
1164 1975 1410 2030 praesertim
1427 1972 1606 2015 emicuit

153 2057 241 2085 nex
258 2044 445 2097 Hydrae.
476 2044 583 2085 Erat
603 2047 746 2085 autem
767 2056 965 2096 serpenS,
987 2043 1044 2083 ad
1060 2043 1214 2084 Lernae
1237 2044 1386 2084 lacurn
1407 2042 1451 2082 in
1466 2040 1606 2092 Argia

155 2111 454 2165 Peloponnesi
475 2111 651 2165 regione
672 2110 949 2159 delitescens,
971 2111 1291 2163 quinquaginta
1311 2109 1524 2163 capitum,
1544 2118 1603 2147 ex

150 2179 310 2232 quibus
331 2192 419 2220 uno
448 2182 692 2232 amputato,
712 2190 820 2218 mox
850 2177 940 2218 alia
971 2177 1060 2217 duo
1092 2177 1434 2230 repullulabant.
1467 2173 1601 2215 Ovid.

150 2255 225 2286 lx.
241 2245 423 2287 Metam.
441 2245 539 2287 193.
553 2245 815 2299 Apollodor.
835 2255 886 2284 ιι.
947 2243 1247 2294 Quamobrem
1266 2256 1353 2285 non
1375 2244 1504 2285 clava
1520 2241 1600 2281 sed

147 2312 322 2364 ignibus
362 2312 476 2354 hanc
507 2313 694 2354 bestiam
726 2312 876 2352 tollere
904 2312 1138 2364 cogebatur
1177 2311 1411 2352 Hercules.
1469 2307 1598 2349 Unde

149 2379 338 2430 Seneca,
361 2381 405 2421 in
426 2380 489 2422 H.
508 2380 691 2421 Furent.
713 2379 813 2420 241.

262 2447 415 2498 Quid?
447 2461 572 2490 saeva
592 2447 750 2489 Lernae
772 2449 982 2496 monstra,
1003 2458 1286 2487 numerosum
1302 2444 1481 2493 malum,

261 2515 370 2556 Non
389 2516 486 2570 igne
507 2515 679 2556 demum
699 2514 806 2555 vicit
826 2518 868 2556 et
890 2514 1046 2555 docuit
1066 2513 1208 2553 mori?

147 2579 395 2623 Videantur
423 2585 465 2624 et
493 2580 718 2630 Albricus,
751 2580 805 2622 de
832 2580 962 2621 Deor.
1002 2579 1186 2632 Imagin.
1207 2582 1252 2620 et
1288 2577 1475 2619 Ptolem.
1498 2577 1591 2619 Hc-

147 2648 351 2701 phaestio,
384 2649 503 2703 apud
535 2648 768 2692 Photium:
801 2648 878 2702 qui
907 2660 1042 2689 aurea
1071 2660 1129 2688 ex
1158 2649 1283 2700 parte
1313 2646 1466 2699 capita
1493 2645 1597 2688 huic

147 2714 281 2756 fuisse
304 2715 452 2757 refert.

205 2781 386 2823 Interim
405 2782 593 2833 Iolcum,
612 2782 769 2837 Iphicli
789 2782 945 2833 filium,
967 2780 1151 2822 Herculi
1163 2779 1377 2822 laboranti
1397 2779 1590 2831 affuisse,

148 2851 192 2889 et
228 2847 408 2890 admota
443 2848 542 2890 face
572 2853 796 2891 truncatas
826 2849 1025 2890 cervices
1062 2847 1300 2898 adussisse,
1333 2847 1592 2902 priusquam

231 2923 345 2964 Delplz.
360 2927 390 2956 et
408 2925 483 2957 Var.
502 2925 587 2957 Clas.
788 2925 877 2956 Dice.
897 2926 983 2957 Cret.
1479 2925 1506 2956 F
