1915 3231
245 289 301 329 96
706 296 917 327 DiCTYos
950 296 1224 327 CRETENSIS

244 405 298 433 ea
317 391 492 432 insulav
518 402 688 432 summa
719 390 923 442 religione
945 389 1143 438 colitur,W
1166 389 1407 438 confluunt,
1428 388 1699 443 benigneque

245 459 468 499 salutatos
490 457 534 497 in
555 456 767 507 templum
799 456 1036 497 deducunt.
1097 456 1169 496 Ibi
1201 456 1435 496 multarum
1455 455 1698 496 hostiarum

244 538 364 566 more
403 524 544 577 patrio
583 523 884 564 immolatione
923 523 1156 572 celebrata,
1196 522 1497 575 exhibitisque
1537 521 1698 575 epulis,

243 590 451 645 largiter⁶
470 590 793 644 magnificeque
814 602 891 630 eos
911 588 1103 630 habuere
1120 602 1130 630 ε
1162 590 1354 642 itemque
1371 589 1580 629 insecutis
1607 587 1699 629 die-

243 660 342 701 bus.
401 658 464 699 At
496 670 620 710 reges
656 656 861 706 Graeciae,
895 657 978 697 etsi
1011 669 1066 697 ea
1098 669 1198 710 quae
1234 656 1559 697 exhibebantur
1594 667 1698 696 cum

241 726 399 767 laetitia
419 724 738 777 accipiebant,⁷
763 728 912 765 tamen
933 722 1072 764 multo
1092 723 1234 776 magis
1251 722 1401 777 templi
1422 722 1517 776 ejus
1532 727 1550 744 ¹
1578 734 1700 775 mag-

241 793 375 834 nifica
416 790 753 846 pulchritudine,
801 790 1089 844 pretiosaque
1134 790 1438 831 exstructione
1477 802 1658 843 operum
1680 794 1698 817 y

242 859 556 908 afficiebantur,
586 858 878 911 inspicientes
913 862 1244 911 repetentesque
1282 857 1492 898 memoria
1521 857 1698 910 singula

241 940 342 980 quae
373 939 431 967 ex
461 926 625 967 Sidone
643 931 658 947 ²
687 938 715 966 a
746 924 960 966 Phoenice
993 929 1118 978 patre
1152 924 1280 979 ejus8
1313 928 1445 978 atque
1471 924 1698 965 nobilibus

240 993 447 1034 matronis
481 992 741 1034 transmissa
779 1004 939 1045 magno
979 995 1069 1031 tum
1112 991 1260 1032 decori
1300 995 1437 1032 erant.
1495 989 1576 1044 [3.]
1606 990 1696 1031 Per

239 1060 356 1100 idem
386 1064 562 1112 tempus
595 1056 857 1098 Alexander
885 1056 1121 1110 Phrygius,
1154 1057 1320 1098 Priami
1350 1057 1484 1107 filius,
1515 1057 1697 1097 AEnea⁹

238 1126 426 1179 aliisque
441 1131 457 1147 ὃ
486 1137 543 1166 ex
565 1124 946 1177 consanguinitate
968 1125 1220 1173 comitibus,
1255 1124 1426 1177 Spartae
1447 1124 1493 1164 in
1514 1123 1695 1164 domum

240 1193 436 1234 Menelai
467 1191 663 1246 hospitio
697 1196 924 1244 receptus,
956 1190 1303 1243 indignissimum
1337 1190 1509 1232 facinus
1540 1203 1695 1244 perpe-

236 1264 444 1301 traverat.
504 1260 553 1301 Is
585 1272 773 1313 namque
794 1259 872 1299 ubi
894 1258 1197 1299 animadvertit
1216 1271 1361 1311 regem
1382 1259 1554 1309 abesse,
1576 1257 1695 1311 quod

237 1332 328 1368 erat
349 1326 530 1368 Helena
550 1331 712 1380 praetcr
733 1330 917 1367 caeteras
937 1323 1126 1366 Graeciae
1147 1323 1353 1366 foeminas
1372 1324 1570 1366 miranda
1590 1337 1695 1378 spe-

863 1443 1083 1457 eeeeeeeeee

237 1532 403 1563 Obrecht.
428 1541 555 1572 parvus.
582 1531 710 1571 Delph.
728 1536 764 1563 et
781 1532 934 1569 vulga-o
957 1531 1085 1572 Delph.
1110 1532 1274 1570 larga—7
1299 1531 1426 1572 Delph.
1449 1531 1588 1571 Itemque
1613 1530 1636 1562 i.
1659 1531 1694 1562 d.

234 1585 323 1612 reges
341 1574 490 1614 Graecz'oe,
505 1577 536 1605 et
550 1574 578 1604 si
593 1584 628 1605 ea
645 1585 675 1614 q.
691 1584 719 1606 e.
735 1573 901 1615 magnifice
915 1584 941 1605 c.
957 1575 979 1604 l.
995 1574 1203 1613 suscipiebant
1214 1585 1225 1605 .-
1248 1575 1282 1604 in
1300 1579 1369 1605 vet.
1386 1573 1461 1605 cod.
1477 1575 1610 1614 itemque
1623 1573 1646 1603 i.
1660 1574 1694 1604 d.

234 1617 328 1648 Atrei
340 1618 527 1655 gratim—8
542 1617 623 1648 Vet.
639 1616 724 1647 cod.
740 1626 809 1656 quae
825 1626 865 1647 esc
880 1616 998 1647 Sidone
1016 1616 1183 1646 Phoeniciae
1194 1617 1300 1656 patria
1316 1616 1455 1655 ejus-9
1469 1616 1559 1646 Ante
1571 1625 1692 1646 vocem

235 1659 467 1691 AEneainserit
482 1659 609 1699 Delph.
623 1668 702 1690 cum.
726 1663 812 1691 vett.
829 1658 929 1690 codd.
946 1658 1038 1700 filius
1061 1658 1190 1699 aliisque
1205 1668 1244 1690 ex
1265 1669 1292 1690 c.
1315 1658 1446 1690 omissis
1471 1658 1607 1690 vocibus
1621 1667 1692 1689 cum

894 1775 1034 1807 NOTAE

233 1837 396 1877 Minoem,
407 1837 652 1879 Sarpedonem,
669 1842 705 1869 et
721 1836 934 1869 Rhadaman·

232 1888 325 1918 thum
357 1888 496 1928 genuit3
529 1887 705 1927 nullosque
734 1897 776 1918 ex
806 1887 933 1918 Astero

233 1938 304 1968 sive
320 1937 503 1968 Asterione
520 1938 735 1969 Cretensium
759 1947 852 1978 rege,
876 1937 933 1978 qui

232 1997 308 2018 eam
332 1997 471 2018 uxorem
493 1986 650 2027 duxerat,
669 1987 794 2018 liberos
819 1997 932 2019 susce-

232 2037 296 2078 pit.

274 2091 288 2106 v
313 2086 392 2122 Quae
420 2086 453 2117 in
481 2097 517 2117 ea
543 2085 660 2126 insula]
690 2085 767 2117 Non
793 2085 929 2117 memini

232 2146 286 2168 me
311 2137 438 2178 legisse
465 2137 635 2177 Europam
660 2137 774 2168 Cretae
804 2137 930 2168 cultam

229 2187 345 2218 fnisse.
388 2187 466 2218 Scio
483 2188 617 2228 quidem
641 2195 713 2218 eam
729 2186 763 2217 in
781 2188 931 2218 Deorum

231 2246 407 2267 numerum
426 2237 578 2274 relatam,
593 2241 628 2267 et
645 2236 737 2277 apud
754 2236 931 2268 Phoenices

230 2286 387 2317 habuisse
403 2287 530 2326 templa
546 2291 581 2317 et
597 2286 731 2317 altaria.

274 2342 293 2356 '¹
314 2336 450 2376 Colitur]
467 2335 526 2368 Ait
541 2345 600 2367 sua
617 2341 720 2367 aetate
740 2336 877 2375 cultam,
891 2340 931 2367 ut

230 2386 350 2417 melius
371 2385 557 2417 lectoribus
573 2386 737 2425 imponat,
755 2385 929 2427 tutiusque

230 2444 346 2466 verum
364 2435 494 2475 Dictyn
513 2435 709 2466 mentiatur.

272 2488 288 2504 ¹
314 2485 432 2525 Templi
452 2483 531 2524 ejus]
556 2485 702 2525 Europae
720 2483 863 2516 scilicet.

271 2541 285 2562 5
311 2534 463 2575 Operum]
485 2540 493 2553 ‘
511 2534 671 2566 Pendent
693 2544 799 2576 opera
822 2534 927 2567 inter-

230 2583 355 2624 rupta.’
379 2584 480 2624 Virg.

271 2638 284 2653 2
297 2633 374 2668 Quae
385 2643 425 2664 ex
437 2633 566 2674 Sidone]
580 2634 688 2666 Vetus
700 2633 808 2665 liber:
825 2635 925 2667 ‘Quae

229 2691 271 2712 ex
299 2681 426 2712 Sidone
460 2682 659 2722 Phoenictae,
690 2684 801 2723 patria
831 2684 925 2724 ejus!

227 2730 372 2771 Inepte3
398 2741 473 2762 nam
498 2732 552 2762 vel
576 2741 617 2762 ea
640 2742 715 2773 quae
739 2738 926 2774 sequuntur

227 2780 237 2797 ‘
255 2785 358 2820 atque
373 2781 541 2812 nobilibus
557 2782 743 2820 matronis:
768 2784 850 2816 satis
872 2794 924 2815 os-

229 2828 375 2861 tendunt
403 2830 584 2871 legendum
613 2842 632 2862 a
661 2832 808 2865 Phaenice
832 2838 923 2874 patre

987 1837 1062 1875 ejus.
1109 1837 1154 1868 Et
1171 1837 1317 1878 Europae
1340 1840 1472 1877 patrem
1489 1836 1690 1868 Phoenicem

988 1892 1100 1927 vocat,
1124 1893 1161 1919 ut
1184 1888 1365 1928 Homerus,
1382 1888 1556 1926 Moschus,
1574 1892 1610 1920 et
1632 1889 1690 1920 alii

986 1938 1097 1978 multi,
1122 1942 1236 1969 tamen
1267 1937 1380 1978 potior
1409 1947 1488 1978 pars
1528 1936 1687 1977 Agenore

988 1992 1100 2018 natam
1137 1988 1308 2026 Europam
1347 1987 1441 2018 dicit.
1499 1987 1688 2028 Utramque

984 2036 1174 2077 opinionem
1207 2037 1325 2067 retulit
1362 2035 1596 2076 Apollodorus
1624 2036 1689 2068 lib.

984 2096 1042 2118 111.
1065 2085 1146 2117 τίνες
1161 2084 1194 2117 δὲ
1208 2085 1353 2126 Εὐρώπην
1368 2086 1424 2116 οὐκ
1437 2085 1612 2126 Ἀγήνορος,
1629 2085 1687 2117 ἆλ-

985 2136 1028 2167 A&
1043 2135 1180 2167 Φοίνικος
1194 2135 1353 2175 λέγουσιν.
1399 2138 1408 2154 ‘
1427 2136 1574 2169 Quidam
1605 2146 1688 2168 vero

985 2186 1156 2226 Europam
1171 2195 1236 2216 non
1254 2186 1422 2227 Agenoris
1439 2186 1498 2218 sed
1514 2186 1687 2219 Phoenicis

984 2234 1086 2266 filiam
1106 2235 1247 2267 dicunt!

1027 2288 1042 2304 ὃ
1079 2284 1191 2325 [Cum]
1225 2286 1328 2316 AEnea
1363 2285 1508 2326 aliisque]
1555 2285 1685 2319 Isthaec

984 2334 995 2351 ‘
1011 2343 1086 2365 cum
1104 2334 1226 2365 AEnea'
1248 2334 1372 2365 absunt
1396 2345 1415 2365 a
1438 2336 1522 2366 Mss.
1541 2340 1578 2367 et
1601 2345 1684 2368 sane

983 2394 1050 2416 non
1077 2385 1237 2416 convenit
1261 2395 1335 2417 cum
1360 2385 1501 2417 historia
1524 2387 1683 2427 sequenti

982 2434 1037 2466 hic
1053 2436 1166 2467 AEneae
1191 2437 1385 2477 comitatus,
1401 2446 1498 2477 quem
1518 2437 1630 2468 Dares
1646 2441 1683 2469 et

982 2485 1041 2516 alii
1057 2489 1212 2517 auctores
1230 2486 1338 2517 minus
1353 2486 1580 2518 verisimiliter
1591 2496 1682 2518 com-

980 2534 1087 2566 menti
1103 2539 1191 2566 sunt.
1227 2536 1271 2566 Et
1288 2544 1353 2566 uon
1371 2535 1454 2565 alius
1472 2534 1560 2566 infra
1575 2536 1681 2567 nomi-

980 2589 1081 2616 natur
1103 2595 1203 2626 quam
1228 2584 1378 2616 Glaucus
1400 2584 1597 2621 Antenoris,
1622 2586 1682 2626 qui

979 2634 1204 2676 expeditionis
1220 2644 1336 2675 poenas
1352 2639 1461 2665 morte
1477 2634 1550 2665 luit.
1593 2635 1679 2667 Erat

978 2690 1090 2716 autem
1115 2685 1266 2717 Glaucus
1288 2693 1331 2715 ex
1356 2684 1612 2724 consanguineis
1628 2684 1679 2716 Α-

978 2735 1151 2774 lexandri3
1175 2744 1281 2775 nepos
1311 2735 1443 2766 scilicet
1470 2735 1609 2766 AEsietae
1640 2740 1677 2767 et

979 2785 1209 2822 Cleomestrae,
1232 2794 1307 2827 quae
1336 2785 1440 2816 amita
1465 2784 1675 2817 Laomedon-

978 2833 1032 2865 tis.
