1915 3231
677 392 738 421 nr:
774 391 943 421 Exoln.
976 390 1143 420 TROJAE
1178 389 1373 420 nlsron.
1657 382 1742 422 :309

294 486 426 527 animi
447 486 676 539 simplicis,
688 486 910 536 blandam,
927 486 1123 527 cruribus
1143 485 1337 538 optimis,
1360 489 1508 526 notam
1525 485 1635 526 inter
1651 487 1740 527 duo

292 553 527 607 supercilia
546 552 796 602 habentem,
827 566 903 594 ore
941 552 1117 606 pusillo.
1177 552 1399 593 Priamum
1427 565 1566 604 regem
1586 553 1743 606 Troja-

292 633 450 661 norum
469 619 594 660 vultu
627 620 823 672 pulchro,
853 632 1071 671 magnum,
1107 631 1218 659 voce
1249 618 1389 667 suavi,
1422 618 1616 671 aquilino
1651 632 1744 660 cor-

291 700 415 740 pore.
475 686 711 727 Hectorem
732 686 939 735 blaesum,
958 685 1212 734 candidum,
1235 684 1441 737 crispum,
1464 685 1745 736 strabonem,r

294 754 543 806 pernicibus
564 753 797 801 membris,S
817 753 940 793 vultu
961 752 1216 800 venerabili,
1236 752 1482 801 barbatum,
1504 752 1745 803 decentem,

291 820 573 869 bellicosum,
593 821 737 861 animo
760 833 977 872 magnum,
1007 819 1185 865 civibus,
1213 819 1484 868 clementem,
1506 818 1686 871 dignum
1706 826 1748 861 et

292 888 432 928 amori
455 892 626 941 aptum.
686 886 967 940 Deiphobum
1001 890 1044 927 et
1078 886 1298 926 Helenum
1318 885 1485 926 similes
1504 887 1634 940 patri,
1657 887 1747 928 dis-

294 953 463 995 similes
486 959 668 996 natura:
703 954 984 1007 Deiphobum
1004 954 1189 1004 sortem;
1222 953 1447 993 Helenum
1466 954 1746 1005 clementem,

294 1019 492 1072 doctum,
535 1030 697 1063 vatem.
775 1022 976 1063 Troilum
1011 1034 1230 1073 magnum,
1267 1020 1630 1074 pulcherrimum,
1663 1037 1744 1076 pro

296 1091 428 1129 aetate
462 1088 700 1138 valentem,
730 1088 903 1139 fortem,
939 1087 1151 1141 cupidum
1183 1089 1379 1128 virtutis.
1440 1088 1748 1130 Alexandrum

295 1155 549 1205 candidum,
589 1156 782 1208 longum,
822 1156 1008 1204 fortem,t
1046 1156 1187 1196 oculis
1227 1155 1550 1209 pulcherrimis,
1584 1157 1749 1211 capillo

295 1221 420 1262 molli
452 1227 495 1263 et
525 1222 660 1273 flavo,
687 1236 759 1264 ore
781 1227 984 1272 venusto,
1010 1237 1119 1264 voce
1141 1225 1283 1272 suavi,
1305 1224 1517 1274 velocem,
1540 1224 1751 1278 cupidum

295 1290 482 1343 imperii.
533 1291 723 1331 AEneam
745 1291 905 1341 rufum,
923 1291 1222 1344 quadratum,¹¹
1242 1291 1496 1340 facundum,
1515 1291 1751 1340 affabilem,

295 1357 450 1397 fortem
473 1371 572 1399 cum
589 1362 603 1387 ⁵
635 1358 840 1407 consilio,
867 1358 1022 1411 pium,v
1047 1363 1298 1407 venustum,
1321 1359 1460 1398 oculis
1481 1358 1693 1399 hilaribus
1709 1363 1753 1399 et

297 1424 445 1476 nigris.
506 1425 769 1466 Antenorem
800 1426 992 1477 longum,
1023 1426 1245 1478 gracilem,
1276 1425 1501 1466 velocibus
1529 1426 1754 1474 membris,

296 1496 535 1542 versutum,
557 1499 753 1534 cautum.
815 1492 1054 1533 Hecubam
1082 1506 1300 1545 magnam,
1324 1494 1524 1546 aquilino
1551 1505 1753 1546 corpore,

298 1559 541 1612 pulchram,
563 1565 706 1601 mente
727 1560 856 1609 virili,
880 1560 1064 1614 justam,
1089 1561 1223 1613 piam.
1273 1560 1626 1602 Andromacham
1649 1574 1754 1601 ocu-

295 1627 351 1666 lis
373 1627 519 1676 claris,
541 1627 790 1677 candidam,
813 1628 1007 1681 longam,
1029 1627 1281 1678 formosam,
1304 1628 1564 1677 modestam,
1581 1628 1755 1681 sapien-

297 1697 397 1744 tem,
433 1695 657 1747 pudicam,
691 1695 914 1736 blandam.
984 1695 1282 1736 Cassandram
1318 1694 1535 1735 mediocri
1569 1701 1755 1745 statura,

297 1773 371 1800 ore
412 1761 613 1810 rotundo,
656 1761 813 1811 rufam,
856 1762 999 1802 oculis
1041 1762 1325 1811 micantibus,
1362 1763 1605 1803 futurorum
1642 1775 1755 1816 prae-

298 1827 448 1868 sciam.
529 1828 807 1882 Polyxenam
847 1828 1096 1877 candidam,
1144 1829 1295 1878 altam,
1339 1829 1593 1876 formosam,
1639 1830 1756 1870 collo

296 1895 474 1948 longo,W
496 1896 638 1937 oculis
660 1897 873 1946 venustis,
895 1897 1072 1950 capillis
1093 1896 1222 1938 flavis
1244 1901 1286 1937 et
1307 1897 1466 1949 longis,
1489 1898 1756 1950 compositis

297 1963 518 2012 membris,
542 1963 693 2017 digitis
715 1965 923 2017 prolixis,
948 1966 1152 2005 cruribus
1174 1966 1322 2012 rectis,
1346 1965 1534 2018 pedibus
1561 1965 1756 2017 optimis,

301 2043 402 2082 quae
427 2030 569 2073 forma
590 2045 673 2072 sua
695 2045 845 2072 omnes
867 2027 1136 2085 superaret,·
1173 2033 1318 2073 animo
1343 2033 1553 2086 simplici,
1573 2034 1757 2084 largam,

301 2096 533 2150 dapsilem.
593 2098 702 2152 [13.]
732 2098 1103 2152 Agamemnonem
1143 2100 1244 2139 albo
1287 2112 1487 2153 corpore,
1521 2107 1758 2151 magnumstK

299 2166 507 2206 membris
530 2166 795 2216 valentibus,
817 2167 1074 2216 facundum,
1098 2167 1370 2221 prudentem,
1393 2169 1598 2225 nobilem.
1662 2168 1758 2208 Mc-

902 2286 1149 2298 eeeeeeeeeeee

343 2355 361 2381 5
387 2351 573 2383 Omittitur
587 2362 654 2383 cum
672 2352 863 2393 Delph.—*
888 2353 1011 2394 Delph.
1029 2356 1237 2393 superat-erut.

964 2469 1105 2501 NOTAE

342 2539 353 2555 ¹
377 2533 578 2574 Strabonem]
611 2533 742 2566 Oculos
765 2534 928 2566 distortos
943 2533 1000 2564 ha·
1055 2531 1133 2562 fert.

301 2583 450 2619 bentem,
466 2593 485 2614 a
501 2582 639 2624 στρέφω,
655 2590 764 2617 verto.
1098 2588 1112 2602 v
1140 2581 1248 2622 Pium]
1265 2582 1386 2622 Virgii.
1403 2582 1504 2613 ‘Sum
1523 2582 1598 2623 pius
1615 2584 1760 2617 AEneas.'

341 2638 353 2653 ὓ
376 2633 566 2664 Pernicibus
589 2634 748 2674 membris]
783 2635 835 2666 Ex
859 2634 1002 2666 Homeri
1098 2639 1118 2653 W
1145 2633 1230 2663 Collo
1261 2633 1370 2673 longo]
1418 2633 1519 2666 Quod
1551 2633 1593 2665 de
1626 2634 1762 2667 Helena

302 2684 424 2715 Iliade.
1057 2684 1161 2715 etiam
1191 2683 1322 2715 dictum
1350 2688 1425 2721 est;
1461 2689 1497 2713 ut
1525 2694 1642 2724 supra,
1669 2687 1760 2726 apud

344 2735 354 2756 Β
379 2733 520 2774 Fortem]
552 2734 653 2766 Ovid.
672 2735 706 2765 in
723 2735 834 2776 Epist.
852 2735 1001 2766 Paridis.
1057 2735 1202 2775 Dictyn.
1246 2733 1358 2774 quue
1380 2734 1471 2764 inter
1487 2732 1604 2765 formae
1622 2746 1761 2768 munera

300 2785 309 2800 ‘
325 2783 370 2814 Et
392 2784 472 2815 mihi
495 2788 574 2815 sunt
590 2785 690 2824 vires,
707 2790 743 2817 et
766 2795 841 2817 mea
858 2786 926 2817 tela
942 2795 1002 2817 no·
1057 2785 1134 2816 olim
1153 2783 1232 2821 fuit,
1247 2789 1285 2815 nt
1301 2784 1484 2815 observavi
1497 2785 1634 2816 alicubi.

303 2833 402 2864 cent-¹
1101 2840 1116 2855 ¹
1141 2834 1313 2874 Magnum]
1338 2835 1388 2865 Ex
1406 2835 1505 2867 Hom.
1522 2834 1566 2867 ΙΙ.
1583 2840 1616 2867 Γ.
1629 2837 1685 2868 ubi
1701 2839 1763 2878 ait,

346 2888 359 2902 ⁸¹
402 2883 610 2923 Quadratum]
662 2884 720 2915 Ita
749 2883 841 2915 Galli
873 2884 1004 2921 dicunt,
1059 2885 1215 2926 Ulyssem
1239 2885 1353 2925 capite
1380 2886 1544 2918 minorem
1568 2897 1642 2919 esse
1672 2889 1761 2929 Aga-

305 2934 428 2975 quarre',
442 2934 474 2964 id
492 2938 604 2965 autem
620 2934 660 2964 ad
675 2932 909 2965 fortitudinem
923 2944 1004 2966 con·
1058 2945 1248 2968 memnone,
