1915 3231
253 283 334 324 182
715 295 924 326 mcrros
959 296 1231 327 canrssuffis

251 388 444 429 monium
480 387 606 430 dare:
638 388 940 443 decimamque
960 392 1078 444 regni
1100 390 1267 440 omnis,¹
1300 403 1353 432 ac
1385 391 1549 432 talenta
1568 391 1693 445 quin-

253 455 498 507 quagintam
528 455 623 496 doti
645 456 857 510 adjungit.
919 456 1032 507 Quae
1054 458 1129 497 ubi
1151 470 1378 511 accepere,
1408 457 1484 510 qui
1517 458 1559 498 in
1591 470 1696 498 con-

254 522 353 562 silio
373 527 508 572 erant,
532 523 735 564 admirari
755 525 1119 577 magnificentiam
1150 524 1278 577 regis,
1300 525 1578 577 maximeque
1608 524 1695 564 Pa-

253 588 447 630 troclus:
480 591 557 642 qui
579 603 676 630 cum
699 591 921 632 oblatione
944 594 1160 631 tantarum
1183 604 1333 644 opum,
1365 595 1452 631 tum
1473 590 1696 643 praecipue

253 655 394 705 laetus,
419 657 536 708 quod
559 657 730 699 intacta
753 658 1059 712 Hippodamia
1081 657 1378 707 affirmaretur,
1395 657 1451 697 ad
1473 657 1697 698 Achillem

253 723 383 772 venit,
403 723 530 776 eique
552 724 760 766 universa
781 730 903 778 gesta
926 723 1142 778 actaque⁶
1162 725 1304 766 refert.
1354 723 1460 776 [50]
1483 725 1600 765 Dein
1621 724 1699 765 ubi

253 801 332 829 rex
362 802 414 830 ea
434 803 532 843 quae
565 791 767 832 audierat
788 792 987 832 volutare
1021 792 1168 832 animo
1203 805 1256 832 ac
1278 791 1518 832 deliberare
1549 804 1700 832 secum

254 855 354 907 ipse
376 856 583 909 occoepit,
606 858 859 909 supervenit
880 871 977 898 cum
999 858 1263 911 supradictis
1282 857 1417 911 Ajax.
1487 857 1603 898 Tum
1634 858 1699 897 in-

255 935 433 974 gressos
465 935 543 962 eos
575 936 628 963 ac
663 923 756 976 jam
792 924 975 976 benigne
1012 924 1229 964 salutatos
1249 929 1267 945 ¹¹
1299 923 1450 964 sedere
1484 923 1698 973 hortatur,

249 988 468 1041 juxtaque
489 1002 535 1029 se
555 987 755 1041 Ajacem.
816 989 905 1039 Qui
924 993 1097 1042 tempus
1128 990 1336 1042 loquendi
1357 994 1511 1031 nactus
1527 995 1543 1011 ⁰
1572 989 1700 1030 fami-

254 1055 432 1103 liariter,
452 1058 493 1095 et
513 1055 568 1095 ob
591 1055 634 1096 id
656 1056 834 1096 liberius
855 1059 1044 1106 nactus‚⁷
1075 1056 1276 1097 incusare
1299 1061 1433 1110 atque
1463 1057 1702 1110 increpare,

255 1121 371 1173 quod
393 1121 438 1161 in
457 1123 626 1174 magnis
647 1122 972 1163 discriminibus
991 1136 1165 1163 suorum
1183 1123 1292 1163 nihil
1313 1122 1553 1163 iracundiae
1575 1123 1701 1163 remi-

255 1187 376 1236 serit,
397 1188 680 1241 potueritque
698 1189 872 1229 cladem
892 1189 1112 1230 exercitus
1132 1190 1318 1242 perpeti,
1340 1202 1438 1230 cum
1459 1202 1559 1230 eum
1581 1189 1704 1229 multi

256 1254 403 1304 amici,
425 1254 600 1307 plurimi
621 1256 750 1296 etiam
773 1256 964 1296 affinium
989 1256 1188 1296 obvoluti
1217 1256 1401 1306 genibus
1422 1256 1704 1309 deprecaren-

261 1325 347 1360 tur.
405 1320 516 1362 Post
546 1334 677 1374 quem
709 1322 900 1376 Ulysses
931 1322 1007 1363 illa
1028 1322 1204 1375 quidem
1226 1323 1420 1363 Deorum
1452 1328 1583 1363 essep
1614 1322 1701 1363 ait:

259 1399 411 1427 eorum
434 1392 582 1429 autem
603 1402 703 1441 quae
724 1389 767 1429 in
789 1389 974 1430 consilio
995 1393 1095 1429 acta
1116 1394 1283 1437 essent,
1305 1389 1454 1429 ordine
1477 1388 1702 1443 exposito,

257 1466 355 1506 quae
388 1455 521 1496 etiam
552 1453 856 1508 Agamemnon
895 1456 1156 1510 pollicituS,‘³
1187 1468 1375 1509 quaeque
1408 1457 1617 1510 jurasset,
1649 1455 1704 1496 ad

864 1574 1098 1586 aeaeaeaeaeaeaeaeaeaeaeae

544 1653 563 1679 6
587 1650 711 1691 Delph.
727 1654 818 1690 atque
833 1653 978 1682 actm—7
998 1652 1105 1682 Deest
1120 1653 1230 1682 nactus
1245 1650 1278 1680 in
1296 1650 1424 1690 Delph.

911 1779 1054 1811 NOTAE

258 1850 401 1891 Λαοδίκη,
435 1850 485 1881 καὶ
514 1851 708 1891 Ἰφιάνασσα·
745 1852 832 1883 Τάων
859 1853 897 1890 ἥν
927 1854 954 1883 κ’

259 1900 394 1941 ἐθέλῃσι,
424 1900 521 1939 φίλην
548 1900 693 1932 ἀνάεδνον
722 1902 843 1941 ἀγέσθω
875 1903 956 1943 Πρὸς

261 1949 345 1980 οἶκον
371 1952 508 1987 Πηλῆος·
540 1952 600 1990 ἐγὼ
630 1953 655 1982 δ’
685 1952 840 1991 ἐπιμείλια
869 1953 955 1984 δώσω

261 2001 373 2032 Πολλὰ
387 2000 472 2040 μάλ’,
494 2001 562 2033 ὅσσ’
587 2002 670 2032 οὔπω
692 2014 740 2034 τις
763 2004 799 2044 ἑῇ
823 2002 955 2035 ἐπέδωκε

260 2051 398 2092 θυγατρί.
435 2052 443 2068 ‘
456 2053 538 2083 Tres
556 2058 668 2083 autem
685 2054 763 2084 milii
781 2059 860 2085 sunt
875 2054 955 2086 filiae

259 2101 293 2131 iu
311 2101 408 2132 domo
426 2101 511 2132 bene
527 2106 736 2142 constructa,
754 2103 955 2144 Chrysothe-

261 2152 336 2190 ιῃίς,
353 2156 388 2182 et
413 2151 576 2191 Laodice,
591 2158 626 2183 et
642 2153 861 2193 Iphianassa:
886 2154 957 2185 Ha-

262 2211 334 2232 rum
361 2211 461 2241 quam
489 2202 580 2241 velit,
603 2212 694 2233 suam
722 2203 794 2233 siue
818 2213 956 2235 munere

261 2251 423 2289 abducat,
441 2252 492 2282 Ad
511 2252 645 2283 doumm
663 2253 779 2291 Pelei3
796 2263 858 2294 ego
876 2264 957 2285 vero

261 2303 375 2333 dotem
395 2302 529 2342 addam,
542 2303 717 2343 Ingentem
730 2305 841 2342 valde,
854 2315 956 2346 quan·

262 2357 334 2383 tum
350 2362 448 2383 nemo
465 2363 611 2394 uuquam
628 2363 697 2384 suae
713 2354 806 2385 dedit
822 2354 927 2385 filiae!

312 2402 320 2423 ¹
344 2403 560 2443 Det-imamque
588 2404 678 2443 regni
705 2404 819 2444 omnis]
857 2404 958 2445 Apud

264 2452 450 2483 Homerum
481 2458 593 2484 tamen
622 2453 854 2494 Agamemnon
882 2464 958 2496 sep-

263 2510 332 2533 tem
351 2509 482 2534 tantum
500 2504 599 2535 urbes
615 2509 866 2535 commemorat.

305 2557 327 2572 ¹¹¹
342 2555 389 2584 Ac
405 2555 521 2584 talenta
533 2554 775 2595 quinquaginta]
798 2555 958 2586 Talento-

263 2612 349 2640 rum,
368 2613 441 2643 quae
459 2604 490 2633 iu
509 2604 622 2635 dotem
639 2605 719 2635 data
730 2602 876 2639 fueraut,
893 2613 959 2634 non

264 2653 416 2684 meminit
449 2653 592 2685 Homer.
628 2654 676 2686 ait
706 2659 839 2685 tantum
868 2653 958 2694 Aga-

263 2712 418 2733 memnon
436 2712 470 2733 se
488 2703 641 2734 daturum
659 2704 776 2743 viginti
801 2703 962 2744 tripodas,

264 2752 382 2782 decem
411 2752 541 2783 talenta
565 2753 650 2793 auri,
673 2754 803 2785 lebetes
827 2753 961 2793 viginti,

265 2811 368 2840 equos
385 2801 577 2841 duodecim,
604 2809 640 2834 et
667 2813 742 2834 cum
768 2803 806 2834 iis
831 2809 960 2844 septem

265 2851 422 2881 mulieres
441 2851 590 2882 Lesbias.

1052 1859 1067 1873 ¹¹
1090 1853 1236 1893 Benigne
1259 1855 1410 1884 salutatos
1428 1854 1532 1884 sedere
1547 1853 1706 1894 hortatur]

1011 1905 1062 1935 Ex
1081 1904 1222 1935 Homer.
1267 1903 1430 1944 Χαίρετον,
1454 1902 1473 1940 ἦ
1496 1902 1581 1942 φίλοι
1603 1902 1708 1943 ἄνδρες

1009 1952 1160 1984 ἱκάνετον·
1177 1952 1196 1990 ἦ
1211 1965 1242 1983 τι
1257 1951 1344 1992 μάλα
1358 1953 1452 1992 χρεὼ,
1473 1953 1515 1983 O‘l
1533 1964 1583 1991 μοι
1599 1951 1709 1991 σκυζο-

1007 2005 1088 2045 μένῳ
1110 2017 1167 2046 περ
1188 2005 1324 2045 Ἀχαιῶν
1345 2004 1497 2044 φίλτατοί
1517 2006 1619 2036 ἐστον.
1648 2005 1709 2036 “ns

1009 2055 1067 2095 ἄρα
1089 2054 1245 2095 φωνήσας,
1269 2054 1406 2095 προτέρω
1428 2054 1487 2094 ἄγε
1512 2056 1574 2086 δῖος
1600 2055 1710 2095 Ἀχιλ·

1010 2105 1094 2144 λεὺς,
1117 2104 1207 2136 Εῗσεν
1232 2105 1256 2135 δ’
1284 2105 1318 2135 ἐν
1346 2106 1513 2144 κλισμοῖσι,
1534 2103 1653 2142 τάπησί
1672 2116 1710 2136 τε

1010 2155 1236 2196 πορφυρέοισιν.
1250 2155 1259 2172 ‘
1271 2155 1420 2194 Salvete‚
1433 2161 1526 2186 certe
1540 2156 1629 2195 grati
1645 2156 1710 2186 viri

1010 2205 1172 2243 venistis;
1200 2208 1295 2236 certe
1320 2205 1476 2246 quaedam
1501 2214 1557 2235 vos
1585 2205 1711 2236 invasit

1011 2255 1211 2294 necessitas,
1235 2255 1302 2287 Qui
1327 2255 1420 2295 mihi,
1443 2255 1530 2285 irato
1547 2255 1710 2295 quamvis,

1012 2305 1209 2336 Graecorum
1223 2304 1386 2334 carissimi
1398 2304 1537 2336 adestis.
1551 2305 1606 2335 Sic
1621 2304 1711 2335 fatus

1012 2365 1067 2386 eos
1095 2365 1195 2396 porro
1223 2354 1363 2385 deduxit
1386 2354 1461 2385 dius
1478 2354 1645 2394 Achilles,
1665 2355 1711 2386 Et

1011 2406 1129 2437 sedere
1155 2405 1240 2436 fecit
1265 2405 1299 2435 in
1322 2405 1468 2441 lectulis,
1496 2405 1710 2446 pulvinisque

1013 2453 1216 2496 purpureis!

1053 2509 1068 2524 ⁰
1093 2504 1158 2539 Qui
1185 2507 1300 2543 tempus
1320 2503 1462 2542 loquendi
1485 2504 1609 2543 nactus]
1638 2502 1711 2534 Ho-

1012 2564 1123 2586 merus
1140 2563 1218 2584 vero
1234 2562 1300 2584 nou
1313 2551 1470 2593 Ajacem,
1483 2551 1542 2583 sed
1556 2552 1710 2592 Ulyssem

1012 2605 1206 2645 loquentem
1223 2602 1364 2633 inducit.
1412 2601 1514 2641 Cujus
1530 2601 1711 2641 elegantis-

1015 2655 1132 2685 simam
1149 2653 1338 2684 orationem
1356 2650 1432 2682 vide
1449 2650 1491 2681 ΙΙ.
1507 2654 1532 2682 1.

1057 2709 1073 2730 ι)
1098 2703 1158 2733 Illa
1173 2703 1294 2743 quidem
1309 2701 1448 2732 Deorum
1470 2701 1549 2741 esse]
1581 2700 1622 2731 Id
1646 2705 1712 2741 est,

1016 2755 1168 2785 Deorum
1185 2751 1360 2782 voluntate
1377 2749 1470 2780 facta
1486 2759 1571 2781 esse.

1058 2809 1073 2829 ‘1
1098 2803 1176 2838 Quoe
1191 2801 1286 2832 etium
1301 2800 1514 2840 Agamemnon
1537 2800 1713 2841 pollicitus]

1016 2850 1313 2892 Subimelligenda
1327 2854 1406 2881 sunt
1422 2850 1499 2889 ista,
1514 2851 1522 2866 ‘
1536 2859 1576 2880 ex
1593 2851 1713 2890 positis
