1915 3231
220 347 547 380 DISSERTATIO
581 348 644 378 DE
680 346 921 377 HISTORIA
960 346 1105 376 BELLI
1141 346 1377 378 TROJANI.
1464 333 1517 376 21

75 446 152 485 aut
172 444 335 485 sensim
362 457 452 485 una
487 456 586 485 cum
617 442 837 484 communi
869 442 1012 482 amico
1038 440 1372 482 intermoriatur.
1431 439 1521 480 Lu-

73 511 182 552 bens
216 511 368 565 itaque
400 511 561 564 arripui
583 511 952 565 qualemcumque
986 508 1099 549 hanc
1131 508 1415 549 occasionem
1438 512 1524 547 tes-

73 578 196 620 tandi
225 578 404 632 publice
435 592 576 619 meam
601 578 655 619 de
683 582 724 619 te
760 577 1142 625 existimationem,
1173 581 1219 615 et
1249 574 1375 615 simul
1407 574 1521 614 arbi-

74 646 204 687 trium
225 645 282 686 ad
303 649 345 686 tc
366 645 591 686 deferendi
610 645 742 699 hujus
765 645 821 685 de
844 645 1009 697 Dictye
1042 642 1243 684 Cretensi
1264 646 1309 683 et
1330 641 1426 696 ejus
1451 641 1523 681 In-

73 714 263 766 terprete
283 711 617 765 disputationis,
640 711 783 754 tenuis
804 711 925 752 illius
948 710 1125 764 quidem
1145 716 1188 750 et
1209 710 1384 760 exiguae
1407 721 1527 762 pror-

74 792 163 828 sus,
195 778 272 820 sed
304 780 376 820 cui
398 779 584 834 peritior
604 785 665 828 te,
699 782 774 820 aut
804 778 975 831 aequior
1007 776 1215 818 constitui
1245 776 1408 816 arbiter
1437 787 1526 816 non

73 848 258 898 poterat,
281 847 446 900 quippe
466 847 541 900 qui
563 846 660 899 ipse
682 845 824 887 omnis
846 843 1017 896 generis
1038 848 1085 884 et
1106 843 1252 884 aetatis
1275 842 1527 896 Scriptores

73 917 243 954 veteres
264 925 350 954 non
384 917 550 955 tantum
571 913 826 954 excusseris
849 912 1018 962 sedulo,
1040 911 1118 952 sed
1149 914 1192 951 et
1223 920 1301 964 per
1330 914 1374 950 te
1405 910 1526 950 illus-

73 983 211 1021 tratos
254 979 461 1022 edideris.
537 979 666 1031 Vale,
704 980 790 1022 Vir
830 979 1222 1027 Praestantissime,
1262 981 1306 1018 et
1340 976 1528 1017 feliciter

74 1059 205 1100 porro
225 1051 347 1088 tuam
381 1061 435 1089 ac
455 1048 700 1090 literariam
732 1060 824 1089 rem
845 1060 961 1100 gere.
1020 1044 1225 1099 Lugduni
1252 1044 1298 1085 in
1320 1044 1524 1092 Batavis,

75 1128 117 1156 a.
138 1115 180 1156 d.
204 1126 268 1157 iv.
304 1115 412 1156 Idus
433 1115 642 1165 Sextiles,
665 1126 742 1157 cm
763 1124 904 1157 nocet.

471 1372 715 1405 SYLLABUS
738 1371 1152 1404 DISSERTATIONIS.

73 1448 101 1479 1.
127 1449 248 1481 Nullus
263 1449 379 1481 extitit
396 1449 517 1490 Dictys
534 1448 722 1487 Cretensis,
739 1448 796 1489 qui
812 1447 977 1488 Trojanas
995 1457 1048 1478 res
1064 1447 1128 1478 illis
1145 1445 1357 1487 temporibus
1381 1445 1528 1487 scripse-

119 1503 178 1542 rit,
201 1503 291 1544 quod
316 1502 528 1534 tradiderunt
555 1501 671 1532 Graeci
698 1500 864 1541 sequioris
889 1500 965 1535 aevi,
994 1505 1029 1530 et
1053 1499 1263 1530 recentiores
1288 1498 1434 1529 Eruditi.
1478 1498 1528 1528 II.

119 1555 260 1587 Graecos
276 1556 357 1587 istos
373 1564 438 1586 non
452 1554 608 1586 habuisse
620 1555 721 1585 alium
742 1554 883 1593 Dictyn,
900 1563 999 1594 quam
1016 1553 1122 1591 illum,
1137 1562 1237 1593 quem
1253 1552 1438 1592 Septimius
1457 1561 1530 1581 vor-

119 1608 173 1647 tit,
190 1607 353 1648 probatur
369 1611 488 1638 contra
505 1607 698 1638 Mercerum
717 1607 879 1647 aliosque.
939 1605 1009 1636 III.
1035 1605 1163 1636 Eadem
1182 1605 1231 1636 illi
1248 1605 1388 1635 tradunt
1413 1604 1455 1634 de
1482 1604 1531 1633 in-

117 1665 220 1691 vento
243 1660 384 1701 Dictye‚
410 1669 483 1700 quae
505 1659 691 1700 Septimius
712 1659 754 1689 de
771 1668 841 1688 suo.
886 1658 947 1689 IV.
971 1658 1039 1689 Per
1056 1657 1233 1689 Claudium
1252 1657 1341 1697 apud
1358 1666 1416 1687 eos
1432 1657 1531 1686 intel-

115 1713 174 1753 ligi
202 1713 307 1745 debet
338 1713 445 1752 Ner0,
473 1718 508 1744 et
534 1722 627 1753 saepe
656 1712 703 1743 ita
727 1711 983 1743 confunduntur
1009 1711 1132 1742 diversi
1152 1709 1339 1742 eorundem
1356 1709 1529 1740 nominum

118 1765 362 1806 Imperatores.
390 1765 433 1796 V.
452 1765 587 1796 Revera
600 1764 734 1796 enimin
749 1765 921 1796 Neronem
934 1764 1153 1803 conveniunt,
1166 1774 1240 1805 quae
1251 1763 1294 1794 de
1308 1767 1530 1800 terraemotu,

117 1824 152 1850 et
166 1819 291 1860 Dictye
304 1823 384 1849 tunc
399 1818 534 1849 invento
550 1827 590 1848 ac
607 1817 737 1849 Neroni
752 1818 866 1848 oblato
882 1817 1076 1848 traduntur.
1106 1817 1168 1848 VI.
1186 1817 1370 1857 Utriusque
1381 1818 1417 1847 e't
1432 1816 1530 1847 Grae-

114 1872 198 1903 ciet
212 1872 323 1903 Latini
342 1872 484 1912 Dictyos
496 1871 583 1902 idem
603 1870 669 1902 fuit
684 1871 815 1907 titulus,
831 1871 920 1912 quod
939 1871 1047 1912 liquet
1064 1880 1107 1901 ex
1129 1870 1246 1909 Snida,
1271 1870 1298 1900 si
1325 1870 1400 1910 ejus
1425 1868 1529 1899 verba

117 1931 213 1957 recte
229 1925 495 1965 distinguantur.
542 1923 624 1955 VII.
647 1924 801 1965 Uterque
817 1923 945 1954 dicitur
961 1924 1070 1954 literis
1088 1923 1226 1954 Punicis
1241 1932 1333 1953 suam
1351 1922 1529 1962 scripsisse

118 1979 318 2010 Historiam.
363 1978 468 2009 VIII.
491 1977 666 2010 Juliannes
682 1976 827 2007 Matetas
849 1986 891 2007 ex
908 1976 1030 2007 Graeco
1047 1976 1183 2017 Dictye‚
1199 1980 1234 2006 et
1250 1975 1436 2015 Septimius
1453 1984 1529 2005 nos-

118 2035 183 2071 ter,
200 2032 232 2062 in
253 2031 407 2062 Historia
422 2030 511 2061 Belli
533 2029 687 2070 Trojani,
711 2038 849 2070 prorsus
871 2029 1090 2060 conveniunt.
1137 2029 1199 2061 IX.
1223 2028 1390 2061 Quaedam
1415 2034 1527 2058 tamen

119 2084 225 2116 veluti
250 2085 473 2116 Characteres
500 2083 666 2118 Heroum,
688 2082 776 2122 apud
802 2082 965 2113 Malelam
990 2087 1024 2112 et
1041 2083 1385 2123 alios‚exponuntur,
1403 2091 1476 2122 quae
1495 2081 1529 2111 iu

116 2137 328 2178 Septimiano
355 2137 483 2177 Dictye
506 2146 571 2167 non
597 2136 826 2176 reperiuntur.
872 2136 918 2167 X.
949 2135 1015 2167 Sed
1046 2135 1231 2176 Septimius
1261 2134 1401 2165 liberius
1427 2135 1532 2164 vertit

118 2191 258 2231 Dictyn,
285 2200 430 2231 eumque
456 2190 708 2230 contraxitque,
723 2194 758 2220 et
775 2188 930 2230 quaedani
949 2190 980 2220 in
1005 2199 1045 2220 eo
1063 2189 1289 2229 praetermisit.
1335 2188 1400 2220 XI.
1424 2188 1532 2218 Patet

118 2244 152 2275 id
173 2244 359 2275 clarissime
382 2253 425 2274 ex
443 2244 515 2275 loco
532 2243 677 2283 Dietyos
693 2243 800 2273 nostri
817 2251 841 2272 ι.
857 2245 890 2273 4.
907 2242 963 2283 qui
980 2243 1176 2283 explicatur
1192 2252 1233 2273 ex
1250 2242 1389 2272 Malela.
1442 2239 1532 2272 XII.

118 2297 159 2328 In
176 2297 376 2338 quibusdam
403 2302 514 2327 tamen
536 2297 639 2327 etiam
659 2296 691 2327 in
706 2296 879 2327 diversum
897 2306 914 2326 a
931 2296 1099 2336 Septimio
1116 2296 1188 2326 abit
1201 2295 1403 2336 quandoque
1421 2295 1529 2324 Malo.-

117 2351 177 2390 las,
199 2350 296 2390 cujus
320 2351 367 2381 rei
386 2350 486 2380 variae
505 2349 695 2380 redduntur
712 2350 873 2381 rationes.
917 2349 1021 2381 XIII.
1047 2350 1294 2389 Argumentum
1313 2349 1460 2380 Merceri
1485 2358 1527 2379 ex

118 2403 273 2434 Historia
287 2403 437 2434 OEnones
453 2401 495 2433 ad
513 2402 738 2443 probandum,
750 2402 877 2443 Dictyn
894 2403 1054 2434 Graecum
1071 2402 1175 2434 fuisse
1192 2403 1293 2434 alium
1320 2412 1340 2432 a
1365 2401 1527 2441 Septimi·

117 2467 196 2497 ano,
218 2455 397 2487 refellitur.
434 2456 490 2486 De
508 2455 612 2486 verbo
626 2453 856 2495 Ἀπάγχεσθαι.
898 2456 996 2488 XIV.
1017 2456 1179 2497 Sequitur
1191 2465 1232 2486 ex
1249 2456 1314 2495 tiis,
1326 2455 1528 2495 Septimium

119 2519 200 2541 vere
224 2509 367 2540 vertisse
389 2508 477 2539 lianc
500 2508 687 2540 Historiam
712 2520 754 2540 ex
777 2509 915 2548 Graeco,
938 2509 1029 2551 quod
1055 2509 1143 2540 male
1160 2513 1306 2549 negatur
1322 2518 1342 2538 a
1357 2507 1478 2538 Vossio
1492 2513 1528 2538 et

118 2564 288 2595 Mercero.
334 2562 413 2593 XV.
436 2561 609 2593 Probatur
631 2562 664 2594 id
694 2573 737 2594 ex
759 2563 957 2594 Graecismis
984 2563 1015 2592 ei
1037 2561 1288 2603 frequentibuS.
1334 2559 1433 2591 XVI.
1457 2559 1527 2590 Pro

118 2615 319 2648 Graecismis
336 2615 488 2646 habenda
504 2615 537 2646 in
552 2615 790 2656 Versfflnibus,
804 2625 879 2656 quae
897 2624 939 2645 ex
956 2615 1079 2646 Graeco
1103 2613 1247 2644 formata
1264 2613 1340 2644 istic
1356 2618 1436 2644 sunt
1459 2612 1526 2643 fre-

117 2669 359 2710 quentia,licet
372 2668 462 2709 apud
480 2668 564 2700 alios
575 2679 708 2710 quoque
724 2668 995 2707 similislocutio,
1007 2667 1065 2699 sed
1081 2668 1201 2706 rarius,
1212 2671 1385 2698 occurrat.
1409 2666 1527 2697 XVII.

118 2722 256 2753 Malelae
280 2731 356 2753 cum
380 2721 551 2761 Cedreno,
567 2727 604 2753 et
619 2722 762 2762 Dictyos
779 2721 982 2762 Septimiani
999 2721 1103 2752 verba
1117 2721 1208 2751 inter
1230 2729 1267 2751 se
1292 2718 1527 2757 conferuntur,

118 2774 345 2806 emendantur
374 2774 492 2814 etiam,
519 2779 556 2806 et
572 2779 749 2807 notantur.
792 2774 930 2807 XVIII.
954 2773 1030 2805 Alia
1047 2783 1163 2805 eorum
1181 2773 1285 2804 verba
1300 2782 1413 2804 rerum
1426 2773 1526 2814 plane

118 2828 336 2868 singularium
362 2827 480 2859 itidem
509 2837 695 2868 congruere
721 2827 963 2860 ostenduntur.
1013 2826 1158 2858 Malelas
1187 2826 1290 2857 etiam
1318 2825 1525 2867 explicatur.

118 2880 224 2913 XIX.
246 2879 430 2913 Confertur
451 2880 564 2914 denuo
586 2882 688 2923 longa
712 2882 819 2914 series
841 2879 1085 2919 Historiarum,
1100 2878 1221 2911 eodem
1238 2888 1373 2921 prorsus
1394 2877 1525 2919 ordine,
