<?xml version="1.0" encoding="UTF-8"?>
<!DOCTYPE html PUBLIC "-//W3C//DTD XHTML 1.0 Transitional//EN"
    "http://www.w3.org/TR/xhtml1/DTD/xhtml1-transitional.dtd">
<html xmlns="http://www.w3.org/1999/xhtml" xml:lang="en" lang="en">
 <head>
  <title>
</title>
<meta http-equiv="Content-Type" content="text/html;charset=utf-8" />
  <meta name='ocr-system' content='tesseract 3.04.00' />
  <meta name='ocr-capabilities' content='ocr_page ocr_carea ocr_par ocr_line ocrx_word'/>
</head>
<body>
  <div class='ocr_page' id='page_1' title='image "./dictyscretensise01dictuoft_0278.png"; bbox 0 0 1915 3231; ppageno 0'>
   <div class='ocr_carea' id='block_1_1' title="bbox 269 296 1247 337">
    <p class='ocr_par' dir='ltr' id='par_1_1' title="bbox 269 296 1247 337">
     <span class='ocr_line' id='line_1_1' title="bbox 269 296 1247 337; baseline -0.003 0"><span class='ocrx_word' id='word_1_1' title='bbox 269 296 353 337; x_wconf 79' lang='lat'>270</span> <span class='ocrx_word' id='word_1_2' title='bbox 731 303 942 335; x_wconf 76' lang='lat' dir='ltr'>mc&#39;rYos</span> <span class='ocrx_word' id='word_1_3' title='bbox 974 303 1247 335; x_wconf 68' lang='lat' dir='ltr'>eRE‘rnnsis</span> 
     </span>
    </p>
   </div>
   <div class='ocr_carea' id='block_1_2' title="bbox 264 394 1712 916">
    <p class='ocr_par' dir='ltr' id='par_1_2' title="bbox 264 394 1712 916">
     <span class='ocr_line' id='line_1_2' title="bbox 268 394 1712 453; baseline -0.003 -13"><span class='ocrx_word' id='word_1_4' title='bbox 268 411 412 449; x_wconf 85' lang='lat' dir='ltr'>enses,</span> <span class='ocrx_word' id='word_1_5' title='bbox 433 397 512 440; x_wconf 92' lang='lat' dir='ltr'>ubi</span> <span class='ocrx_word' id='word_1_6' title='bbox 533 396 895 452; x_wconf 82' lang='lat' dir='ltr'>Areopagitarum</span> <span class='ocrx_word' id='word_1_7' title='bbox 913 397 1131 453; x_wconf 88' lang='lat' dir='ltr'>judicium</span> <span class='ocrx_word' id='word_1_8' title='bbox 1156 395 1483 438; x_wconf 89' lang='lat' dir='ltr'>severissimum</span> <span class='ocrx_word' id='word_1_9' title='bbox 1497 394 1510 418; x_wconf 77' lang='lat' dir='ltr'>f</span> <span class='ocrx_word' id='word_1_10' title='bbox 1525 408 1601 450; x_wconf 91' lang='lat' dir='ltr'>per</span> <span class='ocrx_word' id='word_1_11' title='bbox 1619 408 1712 437; x_wconf 89' lang='lat' dir='ltr'>om·</span> 
     </span>
     <span class='ocr_line' id='line_1_3' title="bbox 267 463 1709 518; baseline -0.003 -10"><span class='ocrx_word' id='word_1_12' title='bbox 267 480 366 508; x_wconf 92' lang='lat' dir='ltr'>nem</span> <span class='ocrx_word' id='word_1_13' title='bbox 387 465 609 508; x_wconf 82' lang='lat' dir='ltr'>Graeciam</span> <span class='ocrx_word' id='word_1_14' title='bbox 631 466 950 506; x_wconf 82' lang='lat' dir='ltr'><strong>memorabatur</strong></span> <span class='ocrx_word' id='word_1_15' title='bbox 968 478 978 506; x_wconf 91' lang='lat'>:</span> <span class='ocrx_word' id='word_1_16' title='bbox 1001 464 1117 518; x_wconf 87' lang='lat' dir='ltr'>apud</span> <span class='ocrx_word' id='word_1_17' title='bbox 1141 475 1254 517; x_wconf 90' lang='lat' dir='ltr'>quos</span> <span class='ocrx_word' id='word_1_18' title='bbox 1276 463 1396 505; x_wconf 87' lang='lat' dir='ltr'>dicta</span> <span class='ocrx_word' id='word_1_19' title='bbox 1416 475 1567 512; x_wconf 87' lang='lat' dir='ltr'>causa,</span> <span class='ocrx_word' id='word_1_20' title='bbox 1580 463 1709 517; x_wconf 87' lang='lat' dir='ltr'>juve-</span> 
     </span>
     <span class='ocr_line' id='line_1_4' title="bbox 267 527 1712 584; baseline -0.003 -11"><span class='ocrx_word' id='word_1_21' title='bbox 267 533 337 574; x_wconf 88' lang='lat' dir='ltr'>nis</span> <span class='ocrx_word' id='word_1_22' title='bbox 357 533 616 573; x_wconf 84' lang='lat' dir='ltr'>absolvitur.</span> <span class='ocrx_word' id='word_1_23' title='bbox 675 532 885 584; x_wconf 84' lang='lat' dir='ltr'>Erigona‚</span> <span class='ocrx_word' id='word_1_24' title='bbox 908 544 1010 584; x_wconf 84' lang='lat' dir='ltr'>quae</span> <span class='ocrx_word' id='word_1_25' title='bbox 1031 543 1087 571; x_wconf 87' lang='lat' dir='ltr'>ex</span> <span class='ocrx_word' id='word_1_26' title='bbox 1110 529 1314 581; x_wconf 86' lang='lat' dir='ltr'>AEgistho</span> <span class='ocrx_word' id='word_1_27' title='bbox 1342 529 1462 570; x_wconf 86' lang='lat' dir='ltr'>edita</span> <span class='ocrx_word' id='word_1_28' title='bbox 1491 533 1600 578; x_wconf 88' lang='lat' dir='ltr'>erat,</span> <span class='ocrx_word' id='word_1_29' title='bbox 1633 527 1712 569; x_wconf 89' lang='lat' dir='ltr'>ubi</span> 
     </span>
     <span class='ocr_line' id='line_1_5' title="bbox 264 594 1708 650; baseline -0.004 -10"><span class='ocrx_word' id='word_1_30' title='bbox 264 599 442 640; x_wconf 85' lang='lat' dir='ltr'>fratrem</span> <span class='ocrx_word' id='word_1_31' title='bbox 463 598 712 640; x_wconf 89' lang='lat' dir='ltr'>absolutum</span> <span class='ocrx_word' id='word_1_32' title='bbox 731 597 949 650; x_wconf 86' lang='lat' dir='ltr'>intelligit,</span> <span class='ocrx_word' id='word_1_33' title='bbox 964 597 1086 637; x_wconf 82' lang='lat' dir='ltr'>victa</span> <span class='ocrx_word' id='word_1_34' title='bbox 1106 595 1259 636; x_wconf 89' lang='lat' dir='ltr'>dolore</span> <span class='ocrx_word' id='word_1_35' title='bbox 1276 594 1525 644; x_wconf 90' lang='lat' dir='ltr'>immodico,</span> <span class='ocrx_word' id='word_1_36' title='bbox 1545 594 1708 646; x_wconf 87' lang='lat' dir='ltr'>laqueo</span> 
     </span>
     <span class='ocr_line' id='line_1_6' title="bbox 265 659 1710 714; baseline -0.004 -8"><span class='ocrx_word' id='word_1_37' title='bbox 265 665 463 707; x_wconf 84' lang='lat' dir='ltr'>interiit.g</span> <span class='ocrx_word' id='word_1_38' title='bbox 535 662 817 706; x_wconf 82' lang='lat' dir='ltr'>Mnestheush</span> <span class='ocrx_word' id='word_1_39' title='bbox 846 663 1081 705; x_wconf 87' lang='lat' dir='ltr'>liberatum</span> <span class='ocrx_word' id='word_1_40' title='bbox 1112 661 1340 702; x_wconf 80' lang='lat' dir='ltr'>Orestem⁸</span> <span class='ocrx_word' id='word_1_41' title='bbox 1372 659 1596 714; x_wconf 87' lang='lat' dir='ltr'>parricidii</span> <span class='ocrx_word' id='word_1_42' title='bbox 1626 660 1710 700; x_wconf 89' lang='lat' dir='ltr'>cri-</span> 
     </span>
     <span class='ocr_line' id='line_1_7' title="bbox 265 725 1708 785; baseline -0.004 -13"><span class='ocrx_word' id='word_1_43' title='bbox 265 732 395 782; x_wconf 90' lang='lat' dir='ltr'>mine,</span> <span class='ocrx_word' id='word_1_44' title='bbox 414 735 733 785; x_wconf 89' lang='lat' dir='ltr'>purgatumque</span> <span class='ocrx_word' id='word_1_45' title='bbox 765 742 884 770; x_wconf 88' lang='lat' dir='ltr'>more</span> <span class='ocrx_word' id='word_1_46' title='bbox 916 729 1062 783; x_wconf 88' lang='lat' dir='ltr'>patrio</span> <span class='ocrx_word' id='word_1_47' title='bbox 1098 729 1264 769; x_wconf 90' lang='lat' dir='ltr'>cunctis</span> <span class='ocrx_word' id='word_1_48' title='bbox 1291 727 1492 768; x_wconf 82' lang='lat' dir='ltr'>remediis</span> <span class='ocrx_word' id='word_1_49' title='bbox 1514 739 1613 780; x_wconf 83' lang='lat' dir='ltr'>quae</span> <span class='ocrx_word' id='word_1_50' title='bbox 1649 725 1708 766; x_wconf 90' lang='lat' dir='ltr'>ad</span> 
     </span>
     <span class='ocr_line' id='line_1_8' title="bbox 267 790 1710 850; baseline -0.006 -11"><span class='ocrx_word' id='word_1_51' title='bbox 267 796 554 839; x_wconf 77' lang='lat' dir='ltr'>oblivionemi</span> <span class='ocrx_word' id='word_1_52' title='bbox 576 795 833 850; x_wconf 85' lang='lat' dir='ltr'>hujusmodi</span> <span class='ocrx_word' id='word_1_53' title='bbox 851 794 1060 836; x_wconf 85' lang='lat' dir='ltr'>facinoris</span> <span class='ocrx_word' id='word_1_54' title='bbox 1079 793 1277 834; x_wconf 85' lang='lat' dir='ltr'>adhiberi</span> <span class='ocrx_word' id='word_1_55' title='bbox 1300 793 1432 834; x_wconf 88' lang='lat' dir='ltr'>solita</span> <span class='ocrx_word' id='word_1_56' title='bbox 1452 795 1586 841; x_wconf 89' lang='lat' dir='ltr'>erant,</span> <span class='ocrx_word' id='word_1_57' title='bbox 1605 790 1710 844; x_wconf 91' lang='lat' dir='ltr'>My-</span> 
     </span>
     <span class='ocr_line' id='line_1_9' title="bbox 266 858 1710 916; baseline -0.006 -10"><span class='ocrx_word' id='word_1_58' title='bbox 266 877 398 906; x_wconf 82' lang='lat' dir='ltr'>cenas</span> <span class='ocrx_word' id='word_1_59' title='bbox 428 864 630 906; x_wconf 85' lang='lat' dir='ltr'>remittit:</span> <span class='ocrx_word' id='word_1_60' title='bbox 659 863 813 916; x_wconf 90' lang='lat' dir='ltr'>ibique</span> <span class='ocrx_word' id='word_1_61' title='bbox 835 873 1014 915; x_wconf 86' lang='lat' dir='ltr'>regnum</span> <span class='ocrx_word' id='word_1_62' title='bbox 1034 860 1076 901; x_wconf 91' lang='lat' dir='ltr'>ei</span> <span class='ocrx_word' id='word_1_63' title='bbox 1096 872 1374 901; x_wconf 83' lang='lat' dir='ltr'>concessum.</span> <span class='ocrx_word' id='word_1_64' title='bbox 1435 858 1552 899; x_wconf 86' lang='lat' dir='ltr'>Dein</span> <span class='ocrx_word' id='word_1_65' title='bbox 1569 862 1710 899; x_wconf 86' lang='lat' dir='ltr'>trans-</span> 
     </span>
    </p>
   </div>
   <div class='ocr_carea' id='block_1_3' title="bbox 918 1001 1057 1035">
    <p class='ocr_par' dir='ltr' id='par_1_3' title="bbox 918 1001 1057 1035">
     <span class='ocr_line' id='line_1_10' title="bbox 918 1001 1057 1035; baseline -0.022 0"><span class='ocrx_word' id='word_1_66' title='bbox 918 1001 1057 1035; x_wconf 81' lang='lat' dir='ltr'>NOTAE</span> 
     </span>
    </p>
   </div>
   <div class='ocr_carea' id='block_1_4' title="bbox 253 1087 958 2861">
    <p class='ocr_par' dir='ltr' id='par_1_4' title="bbox 260 1087 958 1515">
     <span class='ocr_line' id='line_1_11' title="bbox 312 1087 956 1129; baseline -0.005 -9"><span class='ocrx_word' id='word_1_67' title='bbox 312 1087 324 1109; x_wconf 74' lang='lat'><strong><em>¹</em></strong></span> <span class='ocrx_word' id='word_1_68' title='bbox 343 1088 407 1120; x_wconf 82' lang='lat' dir='ltr'>Ubi</span> <span class='ocrx_word' id='word_1_69' title='bbox 420 1087 684 1129; x_wconf 81' lang='lat' dir='ltr'>Areopagitarum</span> <span class='ocrx_word' id='word_1_70' title='bbox 695 1087 852 1128; x_wconf 74' lang='lat' dir='ltr'>judicium</span> <span class='ocrx_word' id='word_1_71' title='bbox 874 1096 956 1117; x_wconf 76' lang='lat' dir='ltr'>seve-</span> 
     </span>
     <span class='ocr_line' id='line_1_12' title="bbox 261 1136 957 1177; baseline -0.001 -10"><span class='ocrx_word' id='word_1_72' title='bbox 261 1136 433 1176; x_wconf 78' lang='lat' dir='ltr'>rissimum]</span> <span class='ocrx_word' id='word_1_73' title='bbox 480 1137 711 1177; x_wconf 68' lang='lat' dir='ltr'>Areopagitae,</span> <span class='ocrx_word' id='word_1_74' title='bbox 748 1136 957 1168; x_wconf 82' lang='lat' dir='ltr'>Athenarum</span> 
     </span>
     <span class='ocr_line' id='line_1_13' title="bbox 263 1184 957 1226; baseline -0.004 -8"><span class='ocrx_word' id='word_1_75' title='bbox 263 1191 450 1225; x_wconf 80' lang='lat' dir='ltr'>senatores,</span> <span class='ocrx_word' id='word_1_76' title='bbox 468 1187 515 1218; x_wconf 91' lang='lat' dir='ltr'>sic</span> <span class='ocrx_word' id='word_1_77' title='bbox 538 1186 622 1217; x_wconf 83' lang='lat' dir='ltr'>dicti</span> <span class='ocrx_word' id='word_1_78' title='bbox 646 1186 689 1217; x_wconf 91' lang='lat' dir='ltr'>ab</span> <span class='ocrx_word' id='word_1_79' title='bbox 704 1185 899 1226; x_wconf 84' lang='lat' dir='ltr'>Areopago,</span> <span class='ocrx_word' id='word_1_80' title='bbox 924 1184 957 1215; x_wconf 91' lang='lat' dir='ltr'>id</span> 
     </span>
     <span class='ocr_line' id='line_1_14' title="bbox 262 1234 958 1276; baseline -0.001 -10"><span class='ocrx_word' id='word_1_81' title='bbox 262 1241 325 1276; x_wconf 82' lang='lat' dir='ltr'>est,</span> <span class='ocrx_word' id='word_1_82' title='bbox 333 1237 417 1268; x_wconf 75' lang='lat' dir='ltr'>coile</span> <span class='ocrx_word' id='word_1_83' title='bbox 424 1235 687 1276; x_wconf 72' lang='lat' dir='ltr'>Martis‚’&#39;Ape‹os</span> <span class='ocrx_word' id='word_1_84' title='bbox 697 1234 811 1275; x_wconf 74' lang='grc' dir='ltr'><em>πάγος,</em></span> <span class='ocrx_word' id='word_1_85' title='bbox 826 1244 891 1276; x_wconf 88' lang='lat' dir='ltr'>quo</span> <span class='ocrx_word' id='word_1_86' title='bbox 900 1235 916 1275; x_wconf 86' lang='lat' dir='ltr'>j</span> <span class='ocrx_word' id='word_1_87' title='bbox 924 1244 958 1265; x_wconf 90' lang='lat' dir='ltr'>u-</span> 
     </span>
     <span class='ocr_line' id='line_1_15' title="bbox 262 1283 956 1324; baseline -0.003 -8"><span class='ocrx_word' id='word_1_88' title='bbox 262 1285 408 1317; x_wconf 86' lang='lat' dir='ltr'>dicaturi</span> <span class='ocrx_word' id='word_1_89' title='bbox 424 1285 687 1316; x_wconf 84' lang='lat' dir='ltr'>conveniebant.</span> <span class='ocrx_word' id='word_1_90' title='bbox 731 1285 854 1316; x_wconf 86' lang='lat' dir='ltr'>Eorum</span> <span class='ocrx_word' id='word_1_91' title='bbox 866 1283 956 1324; x_wconf 92' lang='lat' dir='ltr'>judi-</span> 
     </span>
     <span class='ocr_line' id='line_1_16' title="bbox 262 1332 958 1372; baseline -0.004 -6"><span class='ocrx_word' id='word_1_92' title='bbox 262 1335 315 1367; x_wconf 87' lang='lat' dir='ltr'>cia</span> <span class='ocrx_word' id='word_1_93' title='bbox 343 1335 556 1367; x_wconf 85' lang='lat' dir='ltr'>severissima</span> <span class='ocrx_word' id='word_1_94' title='bbox 593 1334 832 1372; x_wconf 81' lang='lat' dir='ltr'>habebantur3</span> <span class='ocrx_word' id='word_1_95' title='bbox 870 1332 958 1364; x_wconf 87' lang='lat' dir='ltr'>unde</span> 
     </span>
     <span class='ocr_line' id='line_1_17' title="bbox 261 1381 956 1425; baseline -0.004 -10"><span class='ocrx_word' id='word_1_96' title='bbox 261 1384 343 1416; x_wconf 84' lang='lat' dir='ltr'>etin</span> <span class='ocrx_word' id='word_1_97' title='bbox 366 1384 580 1425; x_wconf 90' lang='lat' dir='ltr'>proverbium</span> <span class='ocrx_word' id='word_1_98' title='bbox 603 1384 727 1415; x_wconf 89' lang='lat' dir='ltr'>abiere.</span> <span class='ocrx_word' id='word_1_99' title='bbox 772 1381 861 1413; x_wconf 87' lang='lat' dir='ltr'>Vide</span> <span class='ocrx_word' id='word_1_100' title='bbox 881 1381 956 1412; x_wconf 92' lang='lat' dir='ltr'>Sui-</span> 
     </span>
     <span class='ocr_line' id='line_1_18' title="bbox 260 1431 956 1473; baseline -0.007 -7"><span class='ocrx_word' id='word_1_101' title='bbox 260 1434 350 1471; x_wconf 88' lang='lat' dir='ltr'>dam,</span> <span class='ocrx_word' id='word_1_102' title='bbox 376 1435 566 1473; x_wconf 89' lang='lat' dir='ltr'>Erasmum,</span> <span class='ocrx_word' id='word_1_103' title='bbox 590 1435 654 1466; x_wconf 88' lang='lat' dir='ltr'>&amp;c.</span> <span class='ocrx_word' id='word_1_104' title='bbox 698 1433 752 1464; x_wconf 90' lang='lat' dir='ltr'>De</span> <span class='ocrx_word' id='word_1_105' title='bbox 775 1431 956 1472; x_wconf 81' lang='lat' dir='ltr'>Areopago</span> 
     </span>
     <span class='ocr_line' id='line_1_19' title="bbox 260 1481 879 1515; baseline -0.006 0"><span class='ocrx_word' id='word_1_106' title='bbox 260 1484 337 1515; x_wconf 84' lang='lat' dir='ltr'>vide</span> <span class='ocrx_word' id='word_1_107' title='bbox 353 1483 540 1515; x_wconf 85' lang='lat' dir='ltr'>doctissimi</span> <span class='ocrx_word' id='word_1_108' title='bbox 557 1482 697 1514; x_wconf 85' lang='lat' dir='ltr'>Menrsii</span> <span class='ocrx_word' id='word_1_109' title='bbox 717 1481 879 1513; x_wconf 83' lang='lat' dir='ltr'>libellum.</span> 
     </span>
    </p>

    <p class='ocr_par' dir='ltr' id='par_1_5' title="bbox 259 1532 957 1823">
     <span class='ocr_line' id='line_1_20' title="bbox 302 1532 955 1572; baseline -0.006 -6"><span class='ocrx_word' id='word_1_110' title='bbox 302 1540 319 1562; x_wconf 70' lang='grc' dir='ltr'>ἔ</span> <span class='ocrx_word' id='word_1_111' title='bbox 347 1534 439 1566; x_wconf 81' lang='lat' dir='ltr'>Victa</span> <span class='ocrx_word' id='word_1_112' title='bbox 447 1535 549 1565; x_wconf 83' lang='lat' dir='ltr'>dolore</span> <span class='ocrx_word' id='word_1_113' title='bbox 559 1533 730 1571; x_wconf 80' lang='lat' dir='ltr'>immodico,</span> <span class='ocrx_word' id='word_1_114' title='bbox 743 1532 848 1572; x_wconf 67' lang='lat' dir='ltr'>laqueo</span> <span class='ocrx_word' id='word_1_115' title='bbox 859 1532 955 1563; x_wconf 80' lang='lat' dir='ltr'>inter-</span> 
     </span>
     <span class='ocr_line' id='line_1_21' title="bbox 261 1581 957 1624; baseline -0.004 -9"><span class='ocrx_word' id='word_1_116' title='bbox 261 1583 316 1624; x_wconf 75' lang='lat' dir='ltr'>iit]</span> <span class='ocrx_word' id='word_1_117' title='bbox 343 1584 437 1615; x_wconf 86' lang='lat' dir='ltr'>Idem</span> <span class='ocrx_word' id='word_1_118' title='bbox 454 1588 572 1615; x_wconf 77' lang='lat' dir='ltr'>auctor</span> <span class='ocrx_word' id='word_1_119' title='bbox 593 1582 706 1623; x_wconf 83' lang='lat' dir='ltr'>magni</span> <span class='ocrx_word' id='word_1_120' title='bbox 722 1581 957 1622; x_wconf 83' lang='lat' dir='ltr'>Etymologici.</span> 
     </span>
     <span class='ocr_line' id='line_1_22' title="bbox 260 1630 955 1671; baseline -0.007 -6"><span class='ocrx_word' id='word_1_121' title='bbox 260 1632 407 1667; x_wconf 86' lang='lat' dir='ltr'>Quidam</span> <span class='ocrx_word' id='word_1_122' title='bbox 444 1637 558 1664; x_wconf 84' lang='lat' dir='ltr'>tamen</span> <span class='ocrx_word' id='word_1_123' title='bbox 599 1632 762 1671; x_wconf 88' lang='lat' dir='ltr'>scribunt,</span> <span class='ocrx_word' id='word_1_124' title='bbox 796 1630 955 1662; x_wconf 88' lang='lat' dir='ltr'>Orestem</span> 
     </span>
     <span class='ocr_line' id='line_1_23' title="bbox 260 1681 955 1724; baseline -0.006 -10"><span class='ocrx_word' id='word_1_125' title='bbox 260 1683 441 1724; x_wconf 84' lang='lat' dir='ltr'>Erigonam</span> <span class='ocrx_word' id='word_1_126' title='bbox 464 1692 604 1714; x_wconf 85' lang='lat' dir='ltr'>uxorem</span> <span class='ocrx_word' id='word_1_127' title='bbox 628 1681 775 1716; x_wconf 87' lang='lat' dir='ltr'>duxisse,</span> <span class='ocrx_word' id='word_1_128' title='bbox 791 1683 827 1711; x_wconf 94' lang='lat' dir='ltr'>et</span> <span class='ocrx_word' id='word_1_129' title='bbox 850 1689 891 1710; x_wconf 92' lang='lat' dir='ltr'>ex</span> <span class='ocrx_word' id='word_1_130' title='bbox 915 1689 955 1710; x_wconf 86' lang='lat' dir='ltr'>ea</span> 
     </span>
     <span class='ocr_line' id='line_1_24' title="bbox 259 1729 955 1773; baseline -0.006 -10"><span class='ocrx_word' id='word_1_131' title='bbox 259 1732 449 1773; x_wconf 76' lang='lat' dir='ltr'>suscepisse</span> <span class='ocrx_word' id='word_1_132' title='bbox 475 1732 683 1763; x_wconf 85' lang='lat' dir='ltr'>Ponthilum.</span> <span class='ocrx_word' id='word_1_133' title='bbox 727 1729 782 1761; x_wconf 83' lang='lat' dir='ltr'>Ita</span> <span class='ocrx_word' id='word_1_134' title='bbox 806 1730 955 1770; x_wconf 86' lang='lat' dir='ltr'>Tzetzes,</span> 
     </span>
     <span class='ocr_line' id='line_1_25' title="bbox 260 1780 795 1823; baseline -0.004 -10"><span class='ocrx_word' id='word_1_135' title='bbox 260 1782 295 1813; x_wconf 91' lang='lat' dir='ltr'>in</span> <span class='ocrx_word' id='word_1_136' title='bbox 311 1782 459 1823; x_wconf 79' lang='lat' dir='ltr'>Lycoph.</span> <span class='ocrx_word' id='word_1_137' title='bbox 476 1781 662 1812; x_wconf 85' lang='lat' dir='ltr'>Pausanias</span> <span class='ocrx_word' id='word_1_138' title='bbox 679 1784 714 1812; x_wconf 88' lang='lat' dir='ltr'>et</span> <span class='ocrx_word' id='word_1_139' title='bbox 730 1780 795 1811; x_wconf 86' lang='lat' dir='ltr'>alii.</span> 
     </span>
    </p>

    <p class='ocr_par' dir='ltr' id='par_1_6' title="bbox 253 1828 953 2861">
     <span class='ocr_line' id='line_1_26' title="bbox 302 1828 952 1872; baseline -0.006 -9"><span class='ocrx_word' id='word_1_140' title='bbox 302 1830 317 1851; x_wconf 80' lang='lat'>¹¹</span> <span class='ocrx_word' id='word_1_141' title='bbox 352 1831 546 1872; x_wconf 79' lang='lat' dir='ltr'>Mnestheus]</span> <span class='ocrx_word' id='word_1_142' title='bbox 589 1830 697 1871; x_wconf 90' lang='lat' dir='ltr'>Atqui</span> <span class='ocrx_word' id='word_1_143' title='bbox 737 1828 952 1861; x_wconf 85' lang='lat' dir='ltr'>Mnestheum</span> 
     </span>
     <span class='ocr_line' id='line_1_27' title="bbox 259 1877 953 1920; baseline -0.004 -9"><span class='ocrx_word' id='word_1_144' title='bbox 259 1879 380 1911; x_wconf 89' lang='lat' dir='ltr'>eodem</span> <span class='ocrx_word' id='word_1_145' title='bbox 409 1889 508 1917; x_wconf 85' lang='lat' dir='ltr'>anno,</span> <span class='ocrx_word' id='word_1_146' title='bbox 534 1888 600 1920; x_wconf 93' lang='lat' dir='ltr'>quo</span> <span class='ocrx_word' id='word_1_147' title='bbox 625 1878 726 1919; x_wconf 89' lang='lat' dir='ltr'>Troja</span> <span class='ocrx_word' id='word_1_148' title='bbox 751 1883 854 1918; x_wconf 89' lang='lat' dir='ltr'>capta</span> <span class='ocrx_word' id='word_1_149' title='bbox 878 1877 953 1914; x_wconf 83' lang='lat' dir='ltr'>fuit,</span> 
     </span>
     <span class='ocr_line' id='line_1_28' title="bbox 258 1928 953 1968; baseline -0.001 -8"><span class='ocrx_word' id='word_1_150' title='bbox 258 1929 429 1961; x_wconf 89' lang='lat' dir='ltr'>interiisse</span> <span class='ocrx_word' id='word_1_151' title='bbox 459 1932 590 1961; x_wconf 86' lang='lat' dir='ltr'>certum</span> <span class='ocrx_word' id='word_1_152' title='bbox 623 1933 688 1959; x_wconf 91' lang='lat' dir='ltr'>est.</span> <span class='ocrx_word' id='word_1_153' title='bbox 732 1928 810 1959; x_wconf 93' lang='lat' dir='ltr'>Non</span> <span class='ocrx_word' id='word_1_154' title='bbox 842 1928 953 1968; x_wconf 85' lang='lat' dir='ltr'>potuit</span> 
     </span>
     <span class='ocr_line' id='line_1_29' title="bbox 258 1977 952 2020; baseline -0.001 -9"><span class='ocrx_word' id='word_1_155' title='bbox 258 1979 365 2020; x_wconf 86' lang='lat' dir='ltr'>igitur</span> <span class='ocrx_word' id='word_1_156' title='bbox 390 1979 550 2011; x_wconf 88' lang='lat' dir='ltr'>Orestem</span> <span class='ocrx_word' id='word_1_157' title='bbox 572 1987 728 2020; x_wconf 80' lang='lat' dir='ltr'>purgare,</span> <span class='ocrx_word' id='word_1_158' title='bbox 751 1977 807 2019; x_wconf 89' lang='lat' dir='ltr'>qui</span> <span class='ocrx_word' id='word_1_159' title='bbox 832 1982 952 2010; x_wconf 87' lang='lat' dir='ltr'>octavo</span> 
     </span>
     <span class='ocr_line' id='line_1_30' title="bbox 257 2027 952 2068; baseline -0.003 -9"><span class='ocrx_word' id='word_1_160' title='bbox 257 2028 393 2060; x_wconf 89' lang='lat' dir='ltr'>demum</span> <span class='ocrx_word' id='word_1_161' title='bbox 406 2038 493 2060; x_wconf 90' lang='lat' dir='ltr'>anno</span> <span class='ocrx_word' id='word_1_162' title='bbox 507 2033 584 2068; x_wconf 86' lang='lat' dir='ltr'>post</span> <span class='ocrx_word' id='word_1_163' title='bbox 597 2028 730 2068; x_wconf 79' lang='lat' dir='ltr'>Trojatn</span> <span class='ocrx_word' id='word_1_164' title='bbox 747 2031 881 2067; x_wconf 87' lang='lat' dir='ltr'>captam</span> <span class='ocrx_word' id='word_1_165' title='bbox 897 2027 952 2058; x_wconf 74' lang='grc' dir='ltr'>ΙΕ-</span> 
     </span>
     <span class='ocr_line' id='line_1_31' title="bbox 258 2076 951 2119; baseline -0.004 -10"><span class='ocrx_word' id='word_1_166' title='bbox 258 2078 403 2119; x_wconf 86' lang='lat' dir='ltr'>gisthum</span> <span class='ocrx_word' id='word_1_167' title='bbox 413 2076 599 2109; x_wconf 81' lang='lat' dir='ltr'>interfecit.</span> <span class='ocrx_word' id='word_1_168' title='bbox 623 2077 746 2117; x_wconf 84' lang='lat' dir='ltr'>Neque</span> <span class='ocrx_word' id='word_1_169' title='bbox 760 2076 870 2107; x_wconf 90' lang='lat' dir='ltr'>verius</span> <span class='ocrx_word' id='word_1_170' title='bbox 879 2077 951 2107; x_wconf 85' lang='lat' dir='ltr'>Sui-</span> 
     </span>
     <span class='ocr_line' id='line_1_32' title="bbox 257 2125 951 2167; baseline -0.006 -8"><span class='ocrx_word' id='word_1_171' title='bbox 257 2127 318 2158; x_wconf 85' lang='lat' dir='ltr'>das</span> <span class='ocrx_word' id='word_1_172' title='bbox 334 2132 371 2159; x_wconf 89' lang='lat' dir='ltr'>et</span> <span class='ocrx_word' id='word_1_173' title='bbox 396 2125 631 2167; x_wconf 86' lang='lat' dir='ltr'>Aristophanis</span> <span class='ocrx_word' id='word_1_174' title='bbox 656 2125 873 2165; x_wconf 87' lang='lat' dir='ltr'>Scholiastes,</span> <span class='ocrx_word' id='word_1_175' title='bbox 895 2125 951 2166; x_wconf 92' lang='lat' dir='ltr'>qui</span> 
     </span>
     <span class='ocr_line' id='line_1_33' title="bbox 256 2175 951 2216; baseline -0.006 -7"><span class='ocrx_word' id='word_1_176' title='bbox 256 2177 409 2209; x_wconf 87' lang='lat' dir='ltr'>scribunt</span> <span class='ocrx_word' id='word_1_177' title='bbox 424 2177 582 2209; x_wconf 83' lang='lat' dir='ltr'>Orestem</span> <span class='ocrx_word' id='word_1_178' title='bbox 599 2180 750 2216; x_wconf 86' lang='lat' dir='ltr'>tempore</span> <span class='ocrx_word' id='word_1_179' title='bbox 767 2175 951 2206; x_wconf 88' lang='lat' dir='ltr'>Pandionis</span> 
     </span>
     <span class='ocr_line' id='line_1_34' title="bbox 258 2224 950 2259; baseline -0.004 -1"><span class='ocrx_word' id='word_1_180' title='bbox 258 2227 407 2258; x_wconf 86' lang='lat' dir='ltr'>Athenas</span> <span class='ocrx_word' id='word_1_181' title='bbox 423 2226 566 2259; x_wconf 83' lang='lat' dir='ltr'>venisse.</span> <span class='ocrx_word' id='word_1_182' title='bbox 595 2225 749 2256; x_wconf 89' lang='lat' dir='ltr'>Pandion</span> <span class='ocrx_word' id='word_1_183' title='bbox 762 2224 851 2255; x_wconf 90' lang='lat' dir='ltr'>enim</span> <span class='ocrx_word' id='word_1_184' title='bbox 867 2225 950 2255; x_wconf 87' lang='lat' dir='ltr'>mul-</span> 
     </span>
     <span class='ocr_line' id='line_1_35' title="bbox 257 2273 949 2308; baseline 0 -2"><span class='ocrx_word' id='word_1_185' title='bbox 257 2280 292 2307; x_wconf 88' lang='lat' dir='ltr'>to</span> <span class='ocrx_word' id='word_1_186' title='bbox 310 2276 486 2308; x_wconf 85' lang='lat' dir='ltr'>vetustior.</span> <span class='ocrx_word' id='word_1_187' title='bbox 522 2275 635 2308; x_wconf 86' lang='lat' dir='ltr'>Quare</span> <span class='ocrx_word' id='word_1_188' title='bbox 649 2273 835 2306; x_wconf 81' lang='lat' dir='ltr'>Athenaeus</span> <span class='ocrx_word' id='word_1_189' title='bbox 851 2273 949 2306; x_wconf 92' lang='lat' dir='ltr'>unice</span> 
     </span>
     <span class='ocr_line' id='line_1_36' title="bbox 256 2322 948 2366; baseline -0.003 -10"><span class='ocrx_word' id='word_1_190' title='bbox 256 2325 459 2366; x_wconf 83' lang='lat' dir='ltr'>sequendus,</span> <span class='ocrx_word' id='word_1_191' title='bbox 476 2325 532 2366; x_wconf 90' lang='lat' dir='ltr'>qui</span> <span class='ocrx_word' id='word_1_192' title='bbox 555 2324 616 2356; x_wconf 87' lang='lat' dir='ltr'>sub</span> <span class='ocrx_word' id='word_1_193' title='bbox 635 2323 891 2364; x_wconf 87' lang='lat' dir='ltr'>Demophoonte</span> <span class='ocrx_word' id='word_1_194' title='bbox 914 2322 948 2354; x_wconf 90' lang='lat' dir='ltr'>id</span> 
     </span>
     <span class='ocr_line' id='line_1_37' title="bbox 256 2373 948 2414; baseline -0.004 -8"><span class='ocrx_word' id='word_1_195' title='bbox 256 2374 374 2406; x_wconf 85' lang='lat' dir='ltr'>scribit</span> <span class='ocrx_word' id='word_1_196' title='bbox 388 2375 568 2406; x_wconf 84' lang='lat' dir='ltr'>accidisse.</span> <span class='ocrx_word' id='word_1_197' title='bbox 611 2373 666 2405; x_wconf 87' lang='lat' dir='ltr'>Ita</span> <span class='ocrx_word' id='word_1_198' title='bbox 679 2374 815 2404; x_wconf 81' lang='lat' dir='ltr'>Tzetzes</span> <span class='ocrx_word' id='word_1_199' title='bbox 832 2373 866 2404; x_wconf 92' lang='lat' dir='ltr'>in</span> <span class='ocrx_word' id='word_1_200' title='bbox 884 2373 948 2414; x_wconf 87' lang='lat' dir='ltr'>Ly·</span> 
     </span>
     <span class='ocr_line' id='line_1_38' title="bbox 255 2422 947 2465; baseline -0.003 -10"><span class='ocrx_word' id='word_1_201' title='bbox 255 2424 374 2465; x_wconf 87' lang='lat' dir='ltr'>cophr.</span> <span class='ocrx_word' id='word_1_202' title='bbox 419 2425 539 2465; x_wconf 90' lang='lat' dir='ltr'>Neque</span> <span class='ocrx_word' id='word_1_203' title='bbox 556 2423 659 2455; x_wconf 87' lang='lat' dir='ltr'>etiam</span> <span class='ocrx_word' id='word_1_204' title='bbox 679 2423 720 2454; x_wconf 90' lang='lat' dir='ltr'>de</span> <span class='ocrx_word' id='word_1_205' title='bbox 736 2422 809 2454; x_wconf 87' lang='lat' dir='ltr'>loco</span> <span class='ocrx_word' id='word_1_206' title='bbox 825 2432 947 2454; x_wconf 88' lang='lat' dir='ltr'>conve-</span> 
     </span>
     <span class='ocr_line' id='line_1_39' title="bbox 255 2471 948 2514; baseline -0.001 -9"><span class='ocrx_word' id='word_1_207' title='bbox 255 2475 364 2510; x_wconf 81' lang='lat' dir='ltr'>niunt,</span> <span class='ocrx_word' id='word_1_208' title='bbox 386 2474 442 2506; x_wconf 82' lang='lat' dir='ltr'>uhi</span> <span class='ocrx_word' id='word_1_209' title='bbox 468 2474 612 2505; x_wconf 82' lang='lat' dir='ltr'>Orestes</span> <span class='ocrx_word' id='word_1_210' title='bbox 633 2477 796 2514; x_wconf 76' lang='lat' dir='ltr'>purgatus</span> <span class='ocrx_word' id='word_1_211' title='bbox 814 2471 893 2509; x_wconf 84' lang='lat' dir='ltr'>fuit,</span> <span class='ocrx_word' id='word_1_212' title='bbox 910 2477 948 2504; x_wconf 89' lang='lat' dir='ltr'>ut</span> 
     </span>
     <span class='ocr_line' id='line_1_40' title="bbox 255 2522 947 2566; baseline 0 -11"><span class='ocrx_word' id='word_1_213' title='bbox 255 2534 364 2566; x_wconf 88' lang='lat' dir='ltr'>neque</span> <span class='ocrx_word' id='word_1_214' title='bbox 380 2524 423 2555; x_wconf 89' lang='lat' dir='ltr'>de</span> <span class='ocrx_word' id='word_1_215' title='bbox 440 2528 605 2565; x_wconf 87' lang='lat' dir='ltr'>tempore.</span> <span class='ocrx_word' id='word_1_216' title='bbox 634 2523 756 2564; x_wconf 85' lang='lat' dir='ltr'>Dictys</span> <span class='ocrx_word' id='word_1_217' title='bbox 771 2522 830 2559; x_wconf 87' lang='lat' dir='ltr'>ait,</span> <span class='ocrx_word' id='word_1_218' title='bbox 844 2522 947 2555; x_wconf 85' lang='lat' dir='ltr'>Athe-</span> 
     </span>
     <span class='ocr_line' id='line_1_41' title="bbox 253 2572 948 2614; baseline -0.001 -10"><span class='ocrx_word' id='word_1_219' title='bbox 253 2574 304 2604; x_wconf 90' lang='lat' dir='ltr'>nis</span> <span class='ocrx_word' id='word_1_220' title='bbox 322 2578 513 2614; x_wconf 78' lang='lat' dir='ltr'>purgatum,</span> <span class='ocrx_word' id='word_1_221' title='bbox 529 2573 643 2604; x_wconf 89' lang='lat' dir='ltr'>statim</span> <span class='ocrx_word' id='word_1_222' title='bbox 660 2578 837 2614; x_wconf 85' lang='lat' dir='ltr'>postquam</span> <span class='ocrx_word' id='word_1_223' title='bbox 851 2572 948 2604; x_wconf 82' lang='lat' dir='ltr'>abso·</span> 
     </span>
     <span class='ocr_line' id='line_1_42' title="bbox 253 2622 948 2663; baseline 0 -10"><span class='ocrx_word' id='word_1_224' title='bbox 253 2623 344 2653; x_wconf 90' lang='lat' dir='ltr'>lutus</span> <span class='ocrx_word' id='word_1_225' title='bbox 373 2622 486 2653; x_wconf 82' lang='lat' dir='ltr'>fuerit.</span> <span class='ocrx_word' id='word_1_226' title='bbox 530 2622 711 2663; x_wconf 87' lang='lat' dir='ltr'>Euripides</span> <span class='ocrx_word' id='word_1_227' title='bbox 736 2631 830 2658; x_wconf 90' lang='lat' dir='ltr'>vero,</span> <span class='ocrx_word' id='word_1_228' title='bbox 855 2627 948 2662; x_wconf 86' lang='lat' dir='ltr'>post·</span> 
     </span>
     <span class='ocr_line' id='line_1_43' title="bbox 255 2671 949 2712; baseline 0.001 -10"><span class='ocrx_word' id='word_1_229' title='bbox 255 2681 354 2712; x_wconf 89' lang='lat' dir='ltr'>quam</span> <span class='ocrx_word' id='word_1_230' title='bbox 371 2681 389 2703; x_wconf 91' lang='lat' dir='ltr'>e</span> <span class='ocrx_word' id='word_1_231' title='bbox 405 2671 550 2703; x_wconf 85' lang='lat' dir='ltr'>Taurica</span> <span class='ocrx_word' id='word_1_232' title='bbox 572 2672 708 2712; x_wconf 86' lang='lat' dir='ltr'>regione</span> <span class='ocrx_word' id='word_1_233' title='bbox 728 2681 883 2703; x_wconf 84' lang='lat' dir='ltr'>reversus</span> <span class='ocrx_word' id='word_1_234' title='bbox 899 2671 949 2703; x_wconf 85' lang='lat' dir='ltr'>fu-</span> 
     </span>
     <span class='ocr_line' id='line_1_44' title="bbox 255 2721 946 2763; baseline 0.003 -12"><span class='ocrx_word' id='word_1_235' title='bbox 255 2722 332 2753; x_wconf 86' lang='lat' dir='ltr'>erit.</span> <span class='ocrx_word' id='word_1_236' title='bbox 377 2721 525 2763; x_wconf 85' lang='lat' dir='ltr'>Aliiqne,</span> <span class='ocrx_word' id='word_1_237' title='bbox 547 2731 612 2753; x_wconf 93' lang='lat' dir='ltr'>non</span> <span class='ocrx_word' id='word_1_238' title='bbox 635 2722 668 2752; x_wconf 92' lang='lat' dir='ltr'>in</span> <span class='ocrx_word' id='word_1_239' title='bbox 683 2721 804 2753; x_wconf 85' lang='lat' dir='ltr'>Attica</span> <span class='ocrx_word' id='word_1_240' title='bbox 826 2721 887 2753; x_wconf 89' lang='lat' dir='ltr'>sed</span> <span class='ocrx_word' id='word_1_241' title='bbox 910 2722 946 2753; x_wconf 89' lang='lat' dir='ltr'>in</span> 
     </span>
     <span class='ocr_line' id='line_1_45' title="bbox 255 2770 945 2803; baseline 0.004 -3"><span class='ocrx_word' id='word_1_242' title='bbox 255 2770 338 2800; x_wconf 83' lang='lat' dir='ltr'>urbe</span> <span class='ocrx_word' id='word_1_243' title='bbox 369 2772 542 2803; x_wconf 84' lang='lat' dir='ltr'>Troezene.</span> <span class='ocrx_word' id='word_1_244' title='bbox 587 2771 732 2802; x_wconf 86' lang='lat' dir='ltr'>Pausan.</span> <span class='ocrx_word' id='word_1_245' title='bbox 760 2772 794 2803; x_wconf 90' lang='lat' dir='ltr'>in</span> <span class='ocrx_word' id='word_1_246' title='bbox 828 2772 945 2803; x_wconf 89' lang='lat' dir='ltr'>Corin·</span> 
     </span>
     <span class='ocr_line' id='line_1_46' title="bbox 254 2818 944 2861; baseline 0.006 -12"><span class='ocrx_word' id='word_1_247' title='bbox 254 2818 397 2851; x_wconf 83' lang='lat' dir='ltr'>thiacis:</span> <span class='ocrx_word' id='word_1_248' title='bbox 436 2820 495 2852; x_wconf 80' lang='grc' dir='ltr'>Τὸν</span> <span class='ocrx_word' id='word_1_249' title='bbox 524 2819 555 2853; x_wconf 83' lang='grc' dir='ltr'>δὲ</span> <span class='ocrx_word' id='word_1_250' title='bbox 587 2819 755 2861; x_wconf 79' lang='grc' dir='ltr'>ἔμπροσθεν</span> <span class='ocrx_word' id='word_1_251' title='bbox 780 2822 835 2853; x_wconf 81' lang='grc' dir='ltr'>τοῦ</span> <span class='ocrx_word' id='word_1_252' title='bbox 870 2822 944 2853; x_wconf 80' lang='grc' dir='ltr'>ναοῦ</span> 
     </span>
    </p>
   </div>
   <div class='ocr_carea' id='block_1_5' title="bbox 998 1081 1710 2813">
    <p class='ocr_par' dir='ltr' id='par_1_7' title="bbox 1002 1081 1710 2313">
     <span class='ocr_line' id='line_1_47' title="bbox 1010 1081 1707 1124; baseline -0.003 -8"><span class='ocrx_word' id='word_1_253' title='bbox 1010 1083 1107 1123; x_wconf 76' lang='grc' dir='ltr'>λίθον,</span> <span class='ocrx_word' id='word_1_254' title='bbox 1122 1082 1314 1122; x_wconf 81' lang='grc' dir='ltr'>καλούμενον</span> <span class='ocrx_word' id='word_1_255' title='bbox 1338 1083 1371 1115; x_wconf 85' lang='grc' dir='ltr'>δὲ</span> <span class='ocrx_word' id='word_1_256' title='bbox 1397 1081 1487 1124; x_wconf 78' lang='grc' dir='ltr'>ἱερὸν,</span> <span class='ocrx_word' id='word_1_257' title='bbox 1504 1081 1581 1114; x_wconf 76' lang='grc' dir='ltr'>εἶναι</span> <span class='ocrx_word' id='word_1_258' title='bbox 1595 1082 1707 1122; x_wconf 76' lang='grc' dir='ltr'>λέγου-</span> 
     </span>
     <span class='ocr_line' id='line_1_48' title="bbox 1011 1131 1708 1173; baseline -0.001 -8"><span class='ocrx_word' id='word_1_259' title='bbox 1011 1145 1062 1165; x_wconf 87' lang='grc' dir='ltr'>σιν</span> <span class='ocrx_word' id='word_1_260' title='bbox 1085 1133 1133 1173; x_wconf 77' lang='grc' dir='ltr'>ἐφ’</span> <span class='ocrx_word' id='word_1_261' title='bbox 1154 1131 1190 1164; x_wconf 70' lang='grc' dir='ltr'>οὗ</span> <span class='ocrx_word' id='word_1_262' title='bbox 1203 1145 1281 1164; x_wconf 84' lang='grc' dir='ltr'>ποτε</span> <span class='ocrx_word' id='word_1_263' title='bbox 1299 1132 1403 1173; x_wconf 79' lang='grc' dir='ltr'>ἄνδρες</span> <span class='ocrx_word' id='word_1_264' title='bbox 1416 1132 1598 1173; x_wconf 79' lang='grc' dir='ltr'>Τροιζηνίων</span> <span class='ocrx_word' id='word_1_265' title='bbox 1620 1132 1708 1164; x_wconf 76' lang='grc' dir='ltr'>ἐννέα</span> 
     </span>
     <span class='ocr_line' id='line_1_49' title="bbox 1009 1181 1707 1224; baseline -0.003 -10"><span class='ocrx_word' id='word_1_266' title='bbox 1009 1183 1160 1224; x_wconf 85' lang='grc' dir='ltr'>Ὀρέστην</span> <span class='ocrx_word' id='word_1_267' title='bbox 1175 1181 1324 1224; x_wconf 81' lang='grc' dir='ltr'>ἐκάθῃραν</span> <span class='ocrx_word' id='word_1_268' title='bbox 1339 1181 1388 1212; x_wconf 76' lang='grc' dir='ltr'>ἐπὶ</span> <span class='ocrx_word' id='word_1_269' title='bbox 1408 1183 1452 1223; x_wconf 75' lang='grc' dir='ltr'>τῷ</span> <span class='ocrx_word' id='word_1_270' title='bbox 1471 1181 1554 1221; x_wconf 84' lang='grc' dir='ltr'>φόνῳ</span> <span class='ocrx_word' id='word_1_271' title='bbox 1575 1183 1633 1219; x_wconf 80' lang='grc' dir='ltr'>τῆς</span> <span class='ocrx_word' id='word_1_272' title='bbox 1648 1194 1707 1222; x_wconf 77' lang='grc' dir='ltr'>μη·</span> 
     </span>
     <span class='ocr_line' id='line_1_50' title="bbox 1011 1231 1708 1273; baseline 0 -10"><span class='ocrx_word' id='word_1_273' title='bbox 1011 1231 1093 1273; x_wconf 82' lang='grc' dir='ltr'><strong><em>τρός.</em></strong></span> <span class='ocrx_word' id='word_1_274' title='bbox 1147 1232 1335 1272; x_wconf 86' lang='lat' dir='ltr'>‘Lapidem</span> <span class='ocrx_word' id='word_1_275' title='bbox 1363 1237 1476 1263; x_wconf 89' lang='lat' dir='ltr'>autem</span> <span class='ocrx_word' id='word_1_276' title='bbox 1505 1233 1597 1263; x_wconf 81' lang='lat' dir='ltr'>inum</span> <span class='ocrx_word' id='word_1_277' title='bbox 1626 1238 1708 1264; x_wconf 85' lang='lat' dir='ltr'>ante</span> 
     </span>
     <span class='ocr_line' id='line_1_51' title="bbox 1013 1281 1710 1322; baseline 0.001 -10"><span class='ocrx_word' id='word_1_278' title='bbox 1013 1282 1190 1322; x_wconf 87' lang='lat' dir='ltr'>templum,</span> <span class='ocrx_word' id='word_1_279' title='bbox 1206 1281 1263 1322; x_wconf 85' lang='lat' dir='ltr'>qni</span> <span class='ocrx_word' id='word_1_280' title='bbox 1286 1291 1383 1312; x_wconf 82' lang='lat' dir='ltr'>sacer</span> <span class='ocrx_word' id='word_1_281' title='bbox 1404 1281 1491 1322; x_wconf 89' lang='lat' dir='ltr'>lapis</span> <span class='ocrx_word' id='word_1_282' title='bbox 1512 1281 1624 1313; x_wconf 86' lang='lat' dir='ltr'>dictus</span> <span class='ocrx_word' id='word_1_283' title='bbox 1640 1286 1710 1322; x_wconf 87' lang='lat' dir='ltr'>est,</span> 
     </span>
     <span class='ocr_line' id='line_1_52' title="bbox 1011 1331 1706 1372; baseline -0.004 -8"><span class='ocrx_word' id='word_1_284' title='bbox 1011 1341 1088 1364; x_wconf 89' lang='lat' dir='ltr'>eum</span> <span class='ocrx_word' id='word_1_285' title='bbox 1117 1341 1191 1362; x_wconf 92' lang='lat' dir='ltr'>esse</span> <span class='ocrx_word' id='word_1_286' title='bbox 1217 1331 1350 1372; x_wconf 87' lang='lat' dir='ltr'>dieunt,</span> <span class='ocrx_word' id='word_1_287' title='bbox 1373 1340 1472 1372; x_wconf 87' lang='lat' dir='ltr'>snper</span> <span class='ocrx_word' id='word_1_288' title='bbox 1498 1341 1598 1372; x_wconf 90' lang='lat' dir='ltr'>quem</span> <span class='ocrx_word' id='word_1_289' title='bbox 1625 1331 1706 1362; x_wconf 82' lang='lat' dir='ltr'>olim</span> 
     </span>
     <span class='ocr_line' id='line_1_53' title="bbox 1011 1381 1707 1421; baseline -0.001 -9"><span class='ocrx_word' id='word_1_290' title='bbox 1011 1381 1074 1412; x_wconf 88' lang='lat' dir='ltr'>viri</span> <span class='ocrx_word' id='word_1_291' title='bbox 1098 1390 1217 1412; x_wconf 88' lang='lat' dir='ltr'>novem</span> <span class='ocrx_word' id='word_1_292' title='bbox 1234 1381 1398 1412; x_wconf 76' lang='lat' dir='ltr'>Troezenii</span> <span class='ocrx_word' id='word_1_293' title='bbox 1415 1381 1574 1412; x_wconf 84' lang='lat' dir='ltr'>Orestem</span> <span class='ocrx_word' id='word_1_294' title='bbox 1590 1381 1707 1421; x_wconf 84' lang='lat' dir='ltr'>expia-</span> 
     </span>
     <span class='ocr_line' id='line_1_54' title="bbox 1011 1429 1707 1471; baseline -0.001 -9"><span class='ocrx_word' id='word_1_295' title='bbox 1011 1434 1090 1462; x_wconf 83' lang='lat' dir='ltr'>runt</span> <span class='ocrx_word' id='word_1_296' title='bbox 1119 1440 1139 1461; x_wconf 91' lang='lat' dir='ltr'>a</span> <span class='ocrx_word' id='word_1_297' title='bbox 1167 1429 1262 1462; x_wconf 64' lang='lat' dir='ltr'>caede</span> <span class='ocrx_word' id='word_1_298' title='bbox 1295 1430 1437 1462; x_wconf 85' lang='lat' dir='ltr'>matris.’</span> <span class='ocrx_word' id='word_1_299' title='bbox 1480 1430 1576 1462; x_wconf 89' lang='lat' dir='ltr'>Idem</span> <span class='ocrx_word' id='word_1_300' title='bbox 1605 1430 1707 1471; x_wconf 82' lang='lat' dir='ltr'>paulo</span> 
     </span>
     <span class='ocr_line' id='line_1_55' title="bbox 1010 1479 1706 1521; baseline -0.001 -10"><span class='ocrx_word' id='word_1_301' title='bbox 1010 1484 1108 1521; x_wconf 87' lang='lat' dir='ltr'>post:</span> <span class='ocrx_word' id='word_1_302' title='bbox 1132 1480 1141 1498; x_wconf 92' lang='lat'>‘</span> <span class='ocrx_word' id='word_1_303' title='bbox 1159 1479 1251 1511; x_wconf 91' lang='lat' dir='ltr'>Ante</span> <span class='ocrx_word' id='word_1_304' title='bbox 1269 1480 1432 1521; x_wconf 82' lang='lat' dir='ltr'>tempium</span> <span class='ocrx_word' id='word_1_305' title='bbox 1447 1479 1642 1521; x_wconf 83' lang='lat' dir='ltr'>Apollinis,&#39;</span> <span class='ocrx_word' id='word_1_306' title='bbox 1656 1480 1706 1511; x_wconf 89' lang='lat' dir='ltr'>in·</span> 
     </span>
     <span class='ocr_line' id='line_1_56' title="bbox 1010 1529 1705 1570; baseline 0.001 -11"><span class='ocrx_word' id='word_1_307' title='bbox 1010 1529 1095 1570; x_wconf 85' lang='lat' dir='ltr'>quit,</span> <span class='ocrx_word' id='word_1_308' title='bbox 1115 1530 1191 1560; x_wconf 83' lang='lat' dir='ltr'>‘est</span> <span class='ocrx_word' id='word_1_309' title='bbox 1213 1529 1345 1561; x_wconf 84' lang='lat' dir='ltr'>Orestis</span> <span class='ocrx_word' id='word_1_310' title='bbox 1360 1529 1488 1560; x_wconf 89' lang='lat' dir='ltr'>dictum</span> <span class='ocrx_word' id='word_1_311' title='bbox 1512 1529 1705 1561; x_wconf 88' lang='lat' dir='ltr'>tentorium.</span> 
     </span>
     <span class='ocr_line' id='line_1_57' title="bbox 1011 1578 1704 1620; baseline 0 -9"><span class='ocrx_word' id='word_1_312' title='bbox 1011 1580 1101 1611; x_wconf 87' lang='lat' dir='ltr'>Nam</span> <span class='ocrx_word' id='word_1_313' title='bbox 1122 1583 1299 1620; x_wconf 86' lang='lat' dir='ltr'>antequam</span> <span class='ocrx_word' id='word_1_314' title='bbox 1327 1578 1421 1611; x_wconf 82' lang='lat' dir='ltr'>caede</span> <span class='ocrx_word' id='word_1_315' title='bbox 1443 1580 1557 1611; x_wconf 88' lang='lat' dir='ltr'>matris</span> <span class='ocrx_word' id='word_1_316' title='bbox 1583 1589 1704 1620; x_wconf 83' lang='lat' dir='ltr'>purga·</span> 
     </span>
     <span class='ocr_line' id='line_1_58' title="bbox 1009 1628 1704 1669; baseline 0 -9"><span class='ocrx_word' id='word_1_317' title='bbox 1009 1635 1118 1669; x_wconf 86' lang='lat' dir='ltr'>retur,</span> <span class='ocrx_word' id='word_1_318' title='bbox 1139 1629 1247 1660; x_wconf 85' lang='lat' dir='ltr'>nullus</span> <span class='ocrx_word' id='word_1_319' title='bbox 1268 1628 1519 1661; x_wconf 86' lang='lat' dir='ltr'>Troezeniorum</span> <span class='ocrx_word' id='word_1_320' title='bbox 1537 1629 1642 1661; x_wconf 84' lang='lat' dir='ltr'>voluit</span> <span class='ocrx_word' id='word_1_321' title='bbox 1664 1630 1704 1661; x_wconf 82' lang='lat' dir='ltr'>ii-</span> 
     </span>
     <span class='ocr_line' id='line_1_59' title="bbox 1009 1678 1702 1719; baseline 0 -9"><span class='ocrx_word' id='word_1_322' title='bbox 1009 1680 1076 1711; x_wconf 85' lang='lat' dir='ltr'>lum</span> <span class='ocrx_word' id='word_1_323' title='bbox 1092 1679 1226 1710; x_wconf 88' lang='lat' dir='ltr'>domum</span> <span class='ocrx_word' id='word_1_324' title='bbox 1248 1688 1342 1710; x_wconf 88' lang='lat' dir='ltr'>suam</span> <span class='ocrx_word' id='word_1_325' title='bbox 1365 1679 1529 1719; x_wconf 85' lang='lat' dir='ltr'>recipere.</span> <span class='ocrx_word' id='word_1_326' title='bbox 1571 1678 1640 1711; x_wconf 93' lang='lat' dir='ltr'>Sed</span> <span class='ocrx_word' id='word_1_327' title='bbox 1662 1679 1702 1710; x_wconf 85' lang='lat' dir='ltr'>il-</span> 
     </span>
     <span class='ocr_line' id='line_1_60' title="bbox 1007 1729 1705 1770; baseline -0.001 -9"><span class='ocrx_word' id='word_1_328' title='bbox 1007 1730 1076 1761; x_wconf 89' lang='lat' dir='ltr'>lum</span> <span class='ocrx_word' id='word_1_329' title='bbox 1092 1729 1138 1761; x_wconf 92' lang='lat' dir='ltr'>ibi</span> <span class='ocrx_word' id='word_1_330' title='bbox 1156 1729 1403 1761; x_wconf 90' lang='lat' dir='ltr'>constituentes</span> <span class='ocrx_word' id='word_1_331' title='bbox 1425 1729 1634 1770; x_wconf 84' lang='lat' dir='ltr'>purgabant,</span> <span class='ocrx_word' id='word_1_332' title='bbox 1655 1729 1705 1760; x_wconf 90' lang='lat' dir='ltr'>ei-</span> 
     </span>
     <span class='ocr_line' id='line_1_61' title="bbox 1008 1779 1701 1822; baseline -0.001 -10"><span class='ocrx_word' id='word_1_333' title='bbox 1008 1791 1072 1822; x_wconf 90' lang='lat' dir='ltr'>que</span> <span class='ocrx_word' id='word_1_334' title='bbox 1095 1780 1189 1812; x_wconf 88' lang='lat' dir='ltr'>cibos</span> <span class='ocrx_word' id='word_1_335' title='bbox 1213 1780 1425 1821; x_wconf 87' lang='lat' dir='ltr'>praebebant,</span> <span class='ocrx_word' id='word_1_336' title='bbox 1441 1779 1550 1811; x_wconf 90' lang='lat' dir='ltr'>donec</span> <span class='ocrx_word' id='word_1_337' title='bbox 1565 1779 1701 1812; x_wconf 88' lang='lat' dir='ltr'>omnino</span> 
     </span>
     <span class='ocr_line' id='line_1_62' title="bbox 1008 1829 1700 1870; baseline -0.001 -9"><span class='ocrx_word' id='word_1_338' title='bbox 1008 1829 1113 1861; x_wconf 85' lang='lat' dir='ltr'>fuerit</span> <span class='ocrx_word' id='word_1_339' title='bbox 1133 1829 1299 1870; x_wconf 85' lang='lat' dir='ltr'>expiatus.</span> <span class='ocrx_word' id='word_1_340' title='bbox 1343 1830 1388 1860; x_wconf 91' lang='lat' dir='ltr'>Et</span> <span class='ocrx_word' id='word_1_341' title='bbox 1409 1829 1511 1861; x_wconf 89' lang='lat' dir='ltr'>etiam</span> <span class='ocrx_word' id='word_1_342' title='bbox 1533 1838 1621 1860; x_wconf 88' lang='lat' dir='ltr'>nunc</span> <span class='ocrx_word' id='word_1_343' title='bbox 1643 1839 1700 1860; x_wconf 89' lang='lat' dir='ltr'>ne-</span> 
     </span>
     <span class='ocr_line' id='line_1_63' title="bbox 1008 1879 1701 1922; baseline -0.003 -10"><span class='ocrx_word' id='word_1_344' title='bbox 1008 1885 1106 1921; x_wconf 87' lang='lat' dir='ltr'>potes</span> <span class='ocrx_word' id='word_1_345' title='bbox 1128 1890 1257 1920; x_wconf 88' lang='lat' dir='ltr'>eornm,</span> <span class='ocrx_word' id='word_1_346' title='bbox 1274 1880 1330 1922; x_wconf 91' lang='lat' dir='ltr'>qui</span> <span class='ocrx_word' id='word_1_347' title='bbox 1353 1880 1445 1911; x_wconf 89' lang='lat' dir='ltr'>illum</span> <span class='ocrx_word' id='word_1_348' title='bbox 1465 1879 1701 1921; x_wconf 82' lang='lat' dir='ltr'>expiaverunt,</span> 
     </span>
     <span class='ocr_line' id='line_1_64' title="bbox 1006 1928 1700 1972; baseline -0.001 -11"><span class='ocrx_word' id='word_1_349' title='bbox 1006 1930 1142 1961; x_wconf 86' lang='lat' dir='ltr'>statutis</span> <span class='ocrx_word' id='word_1_350' title='bbox 1157 1930 1356 1972; x_wconf 88' lang='lat' dir='ltr'>quibusdam</span> <span class='ocrx_word' id='word_1_351' title='bbox 1372 1929 1491 1961; x_wconf 88' lang='lat' dir='ltr'>diebus</span> <span class='ocrx_word' id='word_1_352' title='bbox 1507 1928 1626 1961; x_wconf 87' lang='lat' dir='ltr'>eodem</span> <span class='ocrx_word' id='word_1_353' title='bbox 1640 1929 1700 1960; x_wconf 85' lang='lat' dir='ltr'>illo</span> 
     </span>
     <span class='ocr_line' id='line_1_65' title="bbox 1005 1979 1700 2021; baseline -0.001 -10"><span class='ocrx_word' id='word_1_354' title='bbox 1005 1980 1080 2011; x_wconf 93' lang='lat' dir='ltr'>loco</span> <span class='ocrx_word' id='word_1_355' title='bbox 1096 1985 1241 2012; x_wconf 84' lang='lat' dir='ltr'>coenant.</span> <span class='ocrx_word' id='word_1_356' title='bbox 1288 1980 1366 2011; x_wconf 91' lang='lat' dir='ltr'>Non</span> <span class='ocrx_word' id='word_1_357' title='bbox 1379 1980 1479 2021; x_wconf 84' lang='lat' dir='ltr'>longe</span> <span class='ocrx_word' id='word_1_358' title='bbox 1495 1979 1538 2012; x_wconf 88' lang='lat' dir='ltr'>ab</span> <span class='ocrx_word' id='word_1_359' title='bbox 1554 1979 1612 2011; x_wconf 82' lang='lat' dir='ltr'>illo</span> <span class='ocrx_word' id='word_1_360' title='bbox 1627 1983 1700 2011; x_wconf 87' lang='lat' dir='ltr'>ten-</span> 
     </span>
     <span class='ocr_line' id='line_1_66' title="bbox 1004 2028 1701 2070; baseline 0 -10"><span class='ocrx_word' id='word_1_361' title='bbox 1004 2029 1091 2060; x_wconf 85' lang='lat' dir='ltr'>torio</span> <span class='ocrx_word' id='word_1_362' title='bbox 1127 2030 1271 2069; x_wconf 86' lang='lat' dir='ltr'>sepultae</span> <span class='ocrx_word' id='word_1_363' title='bbox 1307 2028 1445 2061; x_wconf 87' lang='lat' dir='ltr'>fuerunt</span> <span class='ocrx_word' id='word_1_364' title='bbox 1481 2029 1701 2070; x_wconf 86' lang='lat' dir='ltr'>purgationes</span> 
     </span>
     <span class='ocr_line' id='line_1_67' title="bbox 1003 2079 1703 2119; baseline 0.004 -10"><span class='ocrx_word' id='word_1_365' title='bbox 1003 2079 1082 2115; x_wconf 78' lang='lat' dir='ltr'>issae,</span> <span class='ocrx_word' id='word_1_366' title='bbox 1102 2088 1205 2119; x_wconf 88' lang='lat' dir='ltr'>snper</span> <span class='ocrx_word' id='word_1_367' title='bbox 1221 2088 1302 2119; x_wconf 87' lang='lat' dir='ltr'>quas</span> <span class='ocrx_word' id='word_1_368' title='bbox 1318 2079 1412 2110; x_wconf 89' lang='lat' dir='ltr'>aiunt</span> <span class='ocrx_word' id='word_1_369' title='bbox 1426 2080 1555 2110; x_wconf 77' lang='lat' dir='ltr'>laurum</span> <span class='ocrx_word' id='word_1_370' title='bbox 1570 2084 1703 2119; x_wconf 77' lang='lat' dir='ltr'>natam,.</span> 
     </span>
     <span class='ocr_line' id='line_1_68' title="bbox 1004 2128 1699 2169; baseline 0.003 -11"><span class='ocrx_word' id='word_1_371' title='bbox 1004 2137 1079 2169; x_wconf 82' lang='lat' dir='ltr'>quae</span> <span class='ocrx_word' id='word_1_372' title='bbox 1094 2128 1203 2159; x_wconf 88' lang='lat' dir='ltr'>adhuc</span> <span class='ocrx_word' id='word_1_373' title='bbox 1219 2128 1263 2159; x_wconf 88' lang='lat' dir='ltr'>ibi</span> <span class='ocrx_word' id='word_1_374' title='bbox 1287 2129 1447 2161; x_wconf 86' lang='lat' dir='ltr'>cernitur.</span> <span class='ocrx_word' id='word_1_375' title='bbox 1491 2129 1616 2162; x_wconf 79' lang='lat' dir='ltr'>Fertur</span> <span class='ocrx_word' id='word_1_376' title='bbox 1635 2129 1699 2160; x_wconf 89' lang='lat' dir='ltr'>eti-</span> 
     </span>
     <span class='ocr_line' id='line_1_69' title="bbox 1003 2177 1699 2218; baseline 0.003 -10"><span class='ocrx_word' id='word_1_377' title='bbox 1003 2187 1057 2208; x_wconf 87' lang='lat' dir='ltr'>am</span> <span class='ocrx_word' id='word_1_378' title='bbox 1091 2177 1282 2208; x_wconf 89' lang='lat' dir='ltr'>Troezenios</span> <span class='ocrx_word' id='word_1_379' title='bbox 1319 2178 1538 2218; x_wconf 85' lang='lat' dir='ltr'>purgationes</span> <span class='ocrx_word' id='word_1_380' title='bbox 1574 2179 1699 2210; x_wconf 76' lang='lat' dir='ltr'>multas</span> 
     </span>
     <span class='ocr_line' id='line_1_70' title="bbox 1002 2226 1698 2269; baseline 0.001 -12"><span class='ocrx_word' id='word_1_381' title='bbox 1002 2227 1084 2258; x_wconf 80' lang='lat' dir='ltr'>alias</span> <span class='ocrx_word' id='word_1_382' title='bbox 1101 2226 1304 2267; x_wconf 84' lang='lat' dir='ltr'>adhibuisse,</span> <span class='ocrx_word' id='word_1_383' title='bbox 1318 2231 1354 2258; x_wconf 88' lang='lat' dir='ltr'>et</span> <span class='ocrx_word' id='word_1_384' title='bbox 1370 2237 1490 2269; x_wconf 88' lang='lat' dir='ltr'>aquam</span> <span class='ocrx_word' id='word_1_385' title='bbox 1506 2236 1550 2259; x_wconf 87' lang='lat' dir='ltr'>ex</span> <span class='ocrx_word' id='word_1_386' title='bbox 1563 2227 1698 2269; x_wconf 84' lang='lat' dir='ltr'>Hippo-</span> 
     </span>
     <span class='ocr_line' id='line_1_71' title="bbox 1002 2276 1208 2313; baseline 0 -5"><span class='ocrx_word' id='word_1_387' title='bbox 1002 2276 1129 2313; x_wconf 87' lang='lat' dir='ltr'>crene,’</span> <span class='ocrx_word' id='word_1_388' title='bbox 1142 2279 1208 2308; x_wconf 74' lang='grc' dir='ltr'>ὅτε.</span> 
     </span>
    </p>

    <p class='ocr_par' dir='ltr' id='par_1_8' title="bbox 998 2324 1697 2813">
     <span class='ocr_line' id='line_1_72' title="bbox 1043 2324 1697 2366; baseline 0.006 -11"><span class='ocrx_word' id='word_1_389' title='bbox 1043 2325 1052 2347; x_wconf 80' lang='lat'>¹</span> <span class='ocrx_word' id='word_1_390' title='bbox 1077 2326 1156 2361; x_wconf 86' lang='lat' dir='ltr'>Quae</span> <span class='ocrx_word' id='word_1_391' title='bbox 1170 2326 1211 2356; x_wconf 81' lang='lat' dir='ltr'>ad</span> <span class='ocrx_word' id='word_1_392' title='bbox 1226 2324 1420 2366; x_wconf 76' lang='lat' dir='ltr'>oblivionem]</span> <span class='ocrx_word' id='word_1_393' title='bbox 1451 2326 1615 2358; x_wconf 87' lang='lat' dir='ltr'>Remedia</span> <span class='ocrx_word' id='word_1_394' title='bbox 1638 2327 1697 2359; x_wconf 84' lang='lat' dir='ltr'>illa</span> 
     </span>
     <span class='ocr_line' id='line_1_73' title="bbox 1001 2374 1694 2408; baseline 0.003 -2"><span class='ocrx_word' id='word_1_395' title='bbox 1001 2375 1043 2407; x_wconf 88' lang='lat' dir='ltr'>ad</span> <span class='ocrx_word' id='word_1_396' title='bbox 1060 2375 1261 2407; x_wconf 80' lang='lat' dir='ltr'>oblivionem</span> <span class='ocrx_word' id='word_1_397' title='bbox 1287 2374 1445 2406; x_wconf 81' lang='lat' dir='ltr'>facinoris</span> <span class='ocrx_word' id='word_1_398' title='bbox 1469 2385 1534 2407; x_wconf 90' lang='lat' dir='ltr'>non</span> <span class='ocrx_word' id='word_1_399' title='bbox 1555 2376 1694 2408; x_wconf 85' lang='lat' dir='ltr'>adhibe-</span> 
     </span>
     <span class='ocr_line' id='line_1_74' title="bbox 1002 2424 1695 2466; baseline -0.001 -9"><span class='ocrx_word' id='word_1_400' title='bbox 1002 2425 1150 2464; x_wconf 79' lang='lat' dir='ltr'>bantur3</span> <span class='ocrx_word' id='word_1_401' title='bbox 1183 2434 1260 2456; x_wconf 88' lang='lat' dir='ltr'>nam</span> <span class='ocrx_word' id='word_1_402' title='bbox 1288 2424 1345 2466; x_wconf 91' lang='lat' dir='ltr'>qui</span> <span class='ocrx_word' id='word_1_403' title='bbox 1376 2429 1539 2466; x_wconf 83' lang='lat' dir='ltr'>purgatus</span> <span class='ocrx_word' id='word_1_404' title='bbox 1569 2424 1695 2465; x_wconf 85' lang='lat' dir='ltr'>fuerat,</span> 
     </span>
     <span class='ocr_line' id='line_1_75' title="bbox 1001 2473 1695 2515; baseline 0 -9"><span class='ocrx_word' id='word_1_405' title='bbox 1001 2484 1067 2506; x_wconf 93' lang='lat' dir='ltr'>non</span> <span class='ocrx_word' id='word_1_406' title='bbox 1081 2474 1158 2506; x_wconf 88' lang='lat' dir='ltr'>ideo</span> <span class='ocrx_word' id='word_1_407' title='bbox 1172 2474 1280 2505; x_wconf 89' lang='lat' dir='ltr'>minus</span> <span class='ocrx_word' id='word_1_408' title='bbox 1296 2483 1316 2504; x_wconf 91' lang='lat' dir='ltr'>a</span> <span class='ocrx_word' id='word_1_409' title='bbox 1331 2482 1366 2505; x_wconf 87' lang='lat' dir='ltr'>se</span> <span class='ocrx_word' id='word_1_410' title='bbox 1383 2473 1573 2515; x_wconf 86' lang='lat' dir='ltr'>perpetrati</span> <span class='ocrx_word' id='word_1_411' title='bbox 1588 2475 1695 2506; x_wconf 80' lang='lat' dir='ltr'>scele-</span> 
     </span>
     <span class='ocr_line' id='line_1_76' title="bbox 1001 2523 1692 2564; baseline -0.001 -8"><span class='ocrx_word' id='word_1_412' title='bbox 1001 2524 1047 2556; x_wconf 83' lang='lat' dir='ltr'>ris</span> <span class='ocrx_word' id='word_1_413' title='bbox 1078 2533 1206 2555; x_wconf 90' lang='lat' dir='ltr'>memor</span> <span class='ocrx_word' id='word_1_414' title='bbox 1234 2527 1333 2554; x_wconf 83' lang='lat' dir='ltr'>erat:</span> <span class='ocrx_word' id='word_1_415' title='bbox 1382 2532 1485 2563; x_wconf 90' lang='lat' dir='ltr'>quare</span> <span class='ocrx_word' id='word_1_416' title='bbox 1516 2523 1692 2564; x_wconf 84' lang='lat' dir='ltr'>scripsisse</span> 
     </span>
     <span class='ocr_line' id='line_1_77' title="bbox 999 2571 1694 2614; baseline -0.001 -9"><span class='ocrx_word' id='word_1_417' title='bbox 999 2574 1139 2614; x_wconf 88' lang='lat' dir='ltr'>Dictym</span> <span class='ocrx_word' id='word_1_418' title='bbox 1161 2572 1330 2608; x_wconf 84' lang='lat' dir='ltr'>existimo,</span> <span class='ocrx_word' id='word_1_419' title='bbox 1345 2582 1414 2612; x_wconf 83' lang='lat' dir='ltr'>quae</span> <span class='ocrx_word' id='word_1_420' title='bbox 1438 2573 1479 2603; x_wconf 78' lang='lat' dir='ltr'>ad</span> <span class='ocrx_word' id='word_1_421' title='bbox 1496 2571 1694 2604; x_wconf 74' lang='lat' dir='ltr'>ablutionem.</span> 
     </span>
     <span class='ocr_line' id='line_1_78' title="bbox 999 2621 1692 2663; baseline -0.004 -7"><span class='ocrx_word' id='word_1_422' title='bbox 999 2623 1111 2656; x_wconf 78' lang='lat' dir='ltr'>Abluti</span> <span class='ocrx_word' id='word_1_423' title='bbox 1124 2622 1213 2653; x_wconf 82' lang='lat' dir='ltr'>enim</span> <span class='ocrx_word' id='word_1_424' title='bbox 1239 2621 1376 2662; x_wconf 87' lang='lat' dir='ltr'>proprie</span> <span class='ocrx_word' id='word_1_425' title='bbox 1400 2621 1615 2658; x_wconf 61' lang='lat' dir='ltr'>dicebantur,</span> <span class='ocrx_word' id='word_1_426' title='bbox 1635 2622 1692 2663; x_wconf 91' lang='lat' dir='ltr'>qui</span> 
     </span>
     <span class='ocr_line' id='line_1_79' title="bbox 1000 2671 1688 2715; baseline -0.001 -10"><span class='ocrx_word' id='word_1_427' title='bbox 1000 2671 1254 2715; x_wconf 84' lang='lat' dir='ltr'>purgationibus</span> <span class='ocrx_word' id='word_1_428' title='bbox 1281 2672 1354 2703; x_wconf 82' lang='lat' dir='ltr'>istis</span> <span class='ocrx_word' id='word_1_429' title='bbox 1379 2671 1505 2710; x_wconf 80' lang='lat' dir='ltr'>expiati</span> <span class='ocrx_word' id='word_1_430' title='bbox 1530 2671 1688 2711; x_wconf 83' lang='lat' dir='ltr'>fueram3</span> 
     </span>
     <span class='ocr_line' id='line_1_80' title="bbox 1000 2720 1691 2759; baseline 0 -5"><span class='ocrx_word' id='word_1_431' title='bbox 1000 2723 1089 2754; x_wconf 90' lang='lat' dir='ltr'>unde</span> <span class='ocrx_word' id='word_1_432' title='bbox 1116 2726 1151 2753; x_wconf 90' lang='lat' dir='ltr'>et</span> <span class='ocrx_word' id='word_1_433' title='bbox 1179 2721 1311 2753; x_wconf 85' lang='lat' dir='ltr'>Gallice</span> <span class='ocrx_word' id='word_1_434' title='bbox 1341 2720 1448 2751; x_wconf 90' lang='lat' dir='ltr'>adhuc</span> <span class='ocrx_word' id='word_1_435' title='bbox 1478 2720 1634 2759; x_wconf 83' lang='lat' dir='ltr'>dicimus,</span> <span class='ocrx_word' id='word_1_436' title='bbox 1658 2731 1691 2755; x_wconf 78' lang='lat' dir='ltr'>se</span> 
     </span>
     <span class='ocr_line' id='line_1_81' title="bbox 998 2770 1537 2813; baseline -0.006 -8"><span class='ocrx_word' id='word_1_437' title='bbox 998 2773 1082 2805; x_wconf 84' lang='lat' dir='ltr'>laver</span> <span class='ocrx_word' id='word_1_438' title='bbox 1096 2770 1169 2804; x_wconf 80' lang='lat' dir='ltr'>d&#39;un</span> <span class='ocrx_word' id='word_1_439' title='bbox 1181 2772 1287 2812; x_wconf 78' lang='lat' dir='ltr'>crime,</span> <span class='ocrx_word' id='word_1_440' title='bbox 1300 2780 1333 2801; x_wconf 79' lang='lat' dir='ltr'>se</span> <span class='ocrx_word' id='word_1_441' title='bbox 1343 2779 1470 2813; x_wconf 81' lang='lat' dir='ltr'>purger,</span> <span class='ocrx_word' id='word_1_442' title='bbox 1484 2771 1537 2811; x_wconf 61' lang='lat'>&amp;⁰-</span> 
     </span>
    </p>
   </div>
  </div>
 </body>
</html>
