1915 3231
271 234 356 276 126
739 240 886 271 οιοΤγ
898 239 952 270 os
986 236 1258 268 cuu‘rENsis

270 353 429 381 nonem
451 337 626 387 adeunt,
656 349 843 390 eumque
873 335 1051 376 interitu
1083 333 1185 374 filiae
1203 338 1217 354 ²
1248 334 1536 386 permoestum
1562 341 1721 370 conso-

270 407 349 448 lati
369 406 531 447 honore
552 404 672 458 regni
693 408 869 444 rursus⁷
892 396 1236 444 concelebrant.f
1291 398 1407 448 Quae
1427 411 1496 438 res
1517 399 1722 450 pergrata

271 480 405 527 atque
424 475 609 526 accepta
641 484 720 525 per
752 469 993 511 exercitum
1012 467 1108 508 suit.
1168 466 1281 507 Eum
1302 466 1471 519 quippe
1506 463 1722 517 optimum

271 541 564 582 consultorem
585 538 686 588 sui,⁸
717 550 803 578 non
833 540 993 578 secusg
1024 547 1154 588 quam
1185 536 1408 587 parentem
1428 530 1555 570 miles
1577 527 1721 569 omnis

270 608 541 661 percolebat.
599 605 687 648 Sed
718 603 1024 657 Agamemnon
1055 602 1150 642 sive
1182 612 1331 640 eorum
1350 610 1452 651 quae
1483 606 1723 650 praecesse-

270 678 371 714 rant
404 673 514 714 satis
543 672 753 726 prudens,
787 675 891 711 seu9
919 669 1207 709 humanarum
1242 678 1383 706 rerum
1414 663 1720 704 necessitatem

271 741 419 781 animo
454 744 682 793 reputans,
704 742 750 778 et
769 738 826 778 ob
848 736 894 776 id
925 735 1142 776 adversus
1173 733 1410 774 infortunia
1429 729 1722 778 firmissimus,

270 806 551 847 dissimulato
573 804 691 858 quod
711 804 752 846 ei
773 802 1011 851 acciderat,
1041 802 1248 842 honorem
1279 798 1486 851 suscipit,
1516 801 1646 850 atque
1667 807 1721 835 eo

271 873 343 913 die
365 873 501 913 duces
523 884 674 912 omnes
697 870 753 911 ad
775 883 823 910 se
845 869 888 910 in
909 868 1165 910 convivium
1183 873 1195 891 ¹
1218 866 1407 907 deducit.
1470 864 1584 905 Dein
1604 863 1722 905 haud

270 939 422 979 multis
445 942 550 991 post
570 938 739 986 diebus,
759 937 985 977 exercitus
1005 934 1231 976 ordinatus
1252 947 1328 987 per
1349 933 1502 981 duces,
1526 943 1626 972 cum
1642 943 1723 983 op-

271 1010 506 1058 portunum
535 1004 629 1058 jam
651 1009 824 1057 tempus
856 1002 1094 1055 navigandi
1114 1002 1342 1054 ingrueret,
1365 998 1566 1040 ascendit
1587 1009 1722 1038 naves

270 1073 460 1125 repletas
480 1072 630 1112 multis
651 1072 781 1112 rebus
801 1069 1170 1124 pretiosissimis,2
1202 1080 1302 1121 quoe
1325 1067 1380 1106 ab
1402 1065 1561 1106 incolis
1582 1063 1726 1115 regio-

270 1140 340 1179 nis
373 1140 470 1193 ejus
502 1140 804 1180 offerebantur.
865 1136 1068 1177 Ceterum
1105 1135 1333 1183 frumenta,
1355 1134 1522 1180 vinum,
1549 1130 1725 1183 aliaque

271 1207 362 1247 cibi
382 1206 644 1256 necessaria,
656 1203 802 1246 Anius
817 1207 859 1244 et
871 1203 969 1258 ejus
989 1202 1095 1243 filiae
1116 1197 1380 1256 praebuere‚¹¹
1394 1211 1496 1253 quae
1511 1197 1725 1238 OEnotro-

879 1322 1118 1336 eeeeeeeeeee

272 1421 320 1443 sc.
337 1410 514 1443 faventes:
539 1421 650 1451 neque
668 1420 750 1451 opus
775 1410 831 1440 hio
856 1413 908 1440 est
932 1417 1007 1439 cum
1030 1406 1172 1438 Barthio
1187 1405 1289 1447 status
1304 1405 1337 1435 in
1353 1408 1455 1435 status
1471 1408 1616 1442 mutare,
1643 1402 1724 1434 illud

271 1455 397 1495 quippe
413 1455 517 1494 magis
533 1455 666 1486 Latium
684 1452 797 1492 sapit!
816 1451 1029 1490 Vinding.—7
1055 1450 1182 1490 Delpli.
1199 1450 1343 1479 honorem
1358 1457 1386 1478 r.
1401 1449 1584 1477 rursum—8
1599 1445 1724 1486 Delpll.

270 1500 432 1529 suum—9
446 1498 508 1528 Del
514 1497 571 1537 ph.
587 1497 664 1528 sive.
688 1496 813 1537 Delph.
825 1495 857 1526 in
868 1492 1041 1525 convivium
1053 1493 1093 1523 acl
1108 1502 1154 1523 se.
1176 1491 1301 1532 Delph.
1315 1493 1347 1521 2.
1362 1488 1596 1530 preciosissimis
1609 1489 1712 1520 rebus.

923 1598 1065 1629 NOTAE

274 1686 325 1708 ιν.
350 1675 417 1707 od.
447 1678 479 1706 6.
514 1675 522 1691 ‘
542 1674 624 1705 Rite
654 1677 865 1705 crescentem
896 1671 972 1703 face
1028 1680 1239 1702 memnonem
1275 1669 1417 1701 inducit.
1472 1669 1546 1701 Etsi
1585 1668 1726 1700 virtutes

273 1726 493 1765 noctilucam,
520 1724 726 1764 Prosperam
750 1722 897 1762 frugum,
919 1730 975 1752 ce·

275 1777 450 1816 levemque
481 1783 605 1814 pronos
634 1773 781 1804 Volvere
818 1770 973 1802 menses)

274 1825 340 1856 Ubi
357 1824 535 1863 Interpres
549 1823 729 1863 Cruquhns,
744 1821 754 1838 ‘
769 1820 973 1861 adjectivum

275 1875 426 1914 verbale,
439 1874 560 1913 agendi
577 1873 641 1904 vim
665 1872 791 1903 habens
808 1880 884 1902 cum
902 1871 974 1910 gig-

274 1925 378 1956 nendi
395 1923 501 1956 casu.'
545 1923 610 1954 Sed
627 1932 692 1953 non
709 1922 793 1952 vidit
807 1921 975 1962 Cruquius

275 1975 330 2006 hic
358 1985 432 2005 esse
459 1973 617 2014 ellipsim,
650 1973 659 1989 ⁶
676 1973 880 2012 Prosperam
907 1970 974 2001 frn-

276 2024 377 2066 gum,’
402 2033 463 2063 pro
485 2032 682 2064 prosperam
706 2020 885 2062 proventui
907 2019 975 2051 fru-

275 2084 366 2115 gum.
398 2074 443 2104 Et
454 2071 543 2112 apud
559 2071 733 2106 Nostrum,
749 2072 758 2088 ‘
770 2069 871 2101 flatus
882 2079 975 2110 pros-

276 2132 376 2163 peros
393 2119 595 2160 navigandi,’
618 2130 678 2160 pro
694 2129 874 2160 prosperos
893 2126 976 2151 tem-

276 2172 352 2213 pori
369 2169 563 2210 navigandi,
587 2170 639 2201 vel
657 2168 738 2210 quid
756 2169 877 2200 simile.

318 2227 332 2243 0
354 2220 596 2262 Interitufilioe]
623 2220 747 2261 Neque
763 2220 850 2250 enim
866 2218 976 2249 adhuc

277 2271 465 2303 resciverat
480 2280 556 2311 quae
574 2269 668 2300 facta
683 2273 793 2301 erant.

319 2320 330 2342 f
350 2320 510 2352 Honorem
525 2319 616 2359 regni
631 2328 737 2350 rursus
751 2316 977 2357 concelebrant]

276 2371 380 2402 Certe
403 2371 456 2401 hic
481 2370 610 2408 haereo,
629 2377 740 2409 neque
756 2378 892 2408 possum
910 2367 976 2398 ista

277 2425 373 2452 recte
401 2418 633 2459 interpretari.
679 2418 736 2449 Ait
753 2417 893 2449 Graecos
916 2417 977 2447 du-

276 2481 333 2503 ces
351 2470 446 2511 regni
462 2471 635 2508 honorem,
651 2477 751 2509 quem
768 2471 870 2498 antea
887 2466 976 2507 Aga-

277 2522 445 2554 memnoni
463 2521 686 2560 abstulerant‚
697 2519 731 2550 in
746 2518 892 2550 eundem
905 2527 977 2548 rur-

278 2582 334 2602 sus
352 2571 580 2611 transtulisse,
597 2575 632 2601 et
649 2578 770 2610 magna
790 2568 908 2600 laetitia
923 2577 977 2599 ce-

277 2625 439 2655 lebrasse.

320 2678 336 2700 ἕ
360 2674 522 2714 Optimum
547 2673 750 2704 consultorem
774 2672 822 2703 sui
846 2671 976 2712 [suum,]

276 2733 366 2763 quem
380 2733 440 2754 non
454 2724 556 2764 secus]
581 2723 752 2753 Homerus
770 2721 892 2762 ubique
909 2719 975 2751 for-

278 2772 445 2804 tissimum
480 2778 516 2805 et
553 2772 853 2814 prudentissimum
886 2770 975 2811 Aga-

1028 1723 1101 1762 ejus
1128 1731 1244 1752 omnes
1268 1730 1335 1751 uno
1362 1725 1493 1751 tantum
1511 1729 1607 1751 versu
1635 1729 1727 1751 com-

1029 1773 1150 1812 plexus
1170 1776 1222 1801 est
1238 1770 1362 1801 alicubi
1377 1779 1385 1800 :
1417 1768 1619 1809 Ἀμφότερον,
1635 1772 1727 1805 βασι-

1028 1822 1102 1853 λεύς
1128 1822 1155 1851 τ’
1183 1819 1308 1860 ἀγαθὸς,
1335 1819 1479 1860 κρατερός
1506 1821 1533 1850 τ’
1558 1819 1726 1859 αἰχμητής.

1029 1874 1039 1889 ⁴
1054 1873 1257 1912 Utrumque,
1272 1875 1308 1902 et
1332 1879 1391 1900 rex
1420 1870 1539 1910 bonus,
1565 1875 1601 1901 et
1627 1869 1727 1901 fortis

1030 1921 1198 1953 bellator)

1071 1971 1087 1992 ¹¹
1110 1972 1297 2009 Frumento,
1319 1969 1437 2008 vinum,
1460 1969 1583 2009 aliaque
1597 1968 1659 2000 cibi
1673 1979 1728 2001 ne-

1029 2022 1176 2059 cessaria,
1191 2020 1293 2051 Anius
1314 2023 1344 2050 et
1363 2019 1427 2058 ejus
1443 2019 1527 2060 filice
1548 2019 1726 2062 proebuere]

1030 2071 1191 2103 Fabulam
1210 2070 1253 2100 de
1264 2068 1353 2100 Anio
1374 2069 1451 2100 Deli
1469 2079 1548 2108 rege
1565 2074 1600 2100 et
1616 2079 1727 2100 sacer-

1030 2121 1124 2158 dote,
1139 2125 1175 2150 et
1200 2119 1271 2159 ejus
1295 2118 1440 2156 filiabus,
1455 2128 1531 2159 quae
1550 2119 1675 2155 vinum,
1692 2123 1728 2150 et

1029 2171 1150 2209 oleum,
1160 2177 1194 2200 et
1207 2178 1304 2199 omne
1317 2168 1422 2198 tritici
1435 2178 1539 2208 genus
1551 2169 1640 2200 ultro
1652 2168 1727 2200 fun-

1029 2219 1276 2258 derent‚habes
1299 2218 1389 2259 apud
1407 2219 1566 2250 Ovidium
1583 2220 1726 2251 Metam.

1031 2280 1113 2302 xm.
1136 2272 1211 2301 630.
1236 2274 1273 2300 ut
1295 2273 1329 2300 et
1347 2268 1436 2308 apud
1455 2273 1588 2300 veteres
1605 2268 1726 2300 Gram-

1029 2320 1187 2358 maticos,
1218 2328 1236 2349 e
1266 2318 1388 2358 quibus
1414 2323 1595 2349 enarrator
1620 2319 1726 2359 Lyco-

1031 2370 1187 2411 phronis:
1209 2368 1314 2399 ’Άνιον
1337 2366 1502 2398 Ἀπόλλων
1525 2368 1660 2407 ἤνεγκεν
1684 2368 1728 2400 εἷς

1028 2420 1146 2456 Δῆλον,
1169 2418 1202 2450 ὃς
1226 2417 1392 2458 Δωρίππην
1415 2417 1518 2456 ’γήμας
1544 2419 1641 2460 ’γεννᾷ
1668 2418 1727 2450 τὰς

1029 2468 1219 2509 οῗνοτρόπας,
1246 2467 1338 2506 Οἶνὼ,
1356 2467 1496 2506 Σπερμὼ,
1518 2467 1659 2498 Ἐλαῒδα·
1678 2466 1726 2499 αῖς

1031 2521 1048 2550 ὁ
1063 2518 1211 2550 Διόνυσος
1226 2517 1407 2558 ἐχαρίσατο,
1429 2516 1524 2547 ὁπότε
1543 2515 1727 2557 βούλοιντο,

1030 2568 1122 2604 οἶνον,
1139 2568 1313 2609 σπέρματα,
1341 2566 1391 2597 καὶ
1415 2565 1520 2597 ἔλαιον
1541 2565 1727 2605 λαμβάνειν,

1030 2617 1110 2650 κατὰ
1127 2617 1184 2648 τὰς
1205 2614 1268 2648 τῶν
1292 2615 1449 2654 ὀνυμάτων
1474 2614 1583 2647 θέσεις.
1637 2615 1726 2656 Φερέ-

1029 2670 1117 2699 κυδες
1141 2667 1176 2699 δέ
1201 2672 1297 2707 φησιν
1326 2666 1374 2697 ὅτι
1390 2665 1492 2696 ’Άνιος
1521 2665 1626 2697 ἔπεισε
1653 2666 1726 2698 τοὺς

1020 2717 1178 2756 *Ἕλληνας
1209 2715 1475 2758 παραγενομένους
1507 2715 1583 2756 πρὸς
1619 2715 1724 2756 αὐτὸν,

1029 2768 1122 2801 αὐτοῦ
1141 2767 1244 2808 μένειν
1265 2766 1306 2798 τὰ
1329 2765 1417 2798 ἔννεα
1442 2764 1509 2804 ἔτη,
1534 2765 1673 2798 δεδόσθαι
1699 2767 1723 2797 δ’
