<?xml version="1.0" encoding="UTF-8"?>
<!DOCTYPE html PUBLIC "-//W3C//DTD XHTML 1.0 Transitional//EN"
    "http://www.w3.org/TR/xhtml1/DTD/xhtml1-transitional.dtd">
<html xmlns="http://www.w3.org/1999/xhtml" xml:lang="en" lang="en">
 <head>
  <title>
</title>
<meta http-equiv="Content-Type" content="text/html;charset=utf-8" />
  <meta name='ocr-system' content='tesseract 3.04.00' />
  <meta name='ocr-capabilities' content='ocr_page ocr_carea ocr_par ocr_line ocrx_word'/>
</head>
<body>
  <div class='ocr_page' id='page_1' title='image "./dictyscretensise01dictuoft_0012.png"; bbox 0 0 1915 3231; ppageno 0'>
   <div class='ocr_carea' id='block_1_1' title="bbox 324 288 1179 328">
    <p class='ocr_par' dir='ltr' id='par_1_1' title="bbox 324 288 1179 328">
     <span class='ocr_line' id='line_1_1' title="bbox 324 288 1179 328; baseline -0.002 -1"><span class='ocrx_word' id='word_1_1' title='bbox 324 288 352 327; x_wconf 90' lang='grc'><strong>4</strong></span> <span class='ocrx_word' id='word_1_2' title='bbox 926 296 1179 328; x_wconf 79' lang='lat' dir='ltr'><strong>EPISTOLA.</strong></span> 
     </span>
    </p>
   </div>
   <div class='ocr_carea' id='block_1_2' title="bbox 317 389 1819 2054">
    <p class='ocr_par' dir='ltr' id='par_1_2' title="bbox 317 389 1819 2054">
     <span class='ocr_line' id='line_1_2' title="bbox 322 389 1776 444; baseline 0.001 -12"><span class='ocrx_word' id='word_1_3' title='bbox 322 391 434 432; x_wconf 88' lang='lat' dir='ltr'>infra</span> <span class='ocrx_word' id='word_1_4' title='bbox 455 396 496 432; x_wconf 86' lang='lat' dir='ltr'>te</span> <span class='ocrx_word' id='word_1_5' title='bbox 527 390 722 444; x_wconf 88' lang='lat' dir='ltr'>positum</span> <span class='ocrx_word' id='word_1_6' title='bbox 743 389 919 444; x_wconf 85' lang='lat' dir='ltr'>premis,</span> <span class='ocrx_word' id='word_1_7' title='bbox 940 390 1110 444; x_wconf 87' lang='lat' dir='ltr'><strong>quippe</strong></span> <span class='ocrx_word' id='word_1_8' title='bbox 1133 390 1252 432; x_wconf 91' lang='lat' dir='ltr'>omni</span> <span class='ocrx_word' id='word_1_9' title='bbox 1271 389 1602 444; x_wconf 89' lang='lat' dir='ltr'>disciplinarum</span> <span class='ocrx_word' id='word_1_10' title='bbox 1623 404 1776 444; x_wconf 81' lang='lat' dir='ltr'>genere</span> 
     </span>
     <span class='ocr_line' id='line_1_3' title="bbox 322 457 1776 511; baseline 0.001 -13"><span class='ocrx_word' id='word_1_11' title='bbox 322 458 573 508; x_wconf 83' lang='lat' dir='ltr'>instructus,</span> <span class='ocrx_word' id='word_1_12' title='bbox 589 458 645 499; x_wconf 91' lang='lat' dir='ltr'>ad</span> <span class='ocrx_word' id='word_1_13' title='bbox 667 458 802 500; x_wconf 86' lang='lat' dir='ltr'>altam</span> <span class='ocrx_word' id='word_1_14' title='bbox 824 457 1142 510; x_wconf 80' lang='lat' dir='ltr'>sapientissimi</span> <span class='ocrx_word' id='word_1_15' title='bbox 1158 457 1344 499; x_wconf 90' lang='lat' dir='ltr'>Lodoici</span> <span class='ocrx_word' id='word_1_16' title='bbox 1356 458 1472 511; x_wconf 83' lang='lat' dir='ltr'>regis</span> <span class='ocrx_word' id='word_1_17' title='bbox 1493 457 1776 511; x_wconf 88' lang='lat' dir='ltr'>prudentiam</span> 
     </span>
     <span class='ocr_line' id='line_1_4' title="bbox 317 524 1776 579; baseline 0.001 -13"><span class='ocrx_word' id='word_1_18' title='bbox 317 525 415 578; x_wconf 87' lang='lat' dir='ltr'>jam</span> <span class='ocrx_word' id='word_1_19' title='bbox 437 526 627 579; x_wconf 85' lang='lat' dir='ltr'>aspiras.</span> <span class='ocrx_word' id='word_1_20' title='bbox 686 524 868 566; x_wconf 86' lang='lat' dir='ltr'>Fuerint</span> <span class='ocrx_word' id='word_1_21' title='bbox 898 525 965 566; x_wconf 91' lang='lat' dir='ltr'>illi</span> <span class='ocrx_word' id='word_1_22' title='bbox 998 525 1176 579; x_wconf 88' lang='lat' dir='ltr'>quidem</span> <span class='ocrx_word' id='word_1_23' title='bbox 1206 525 1414 566; x_wconf 87' lang='lat' dir='ltr'>hactenus</span> <span class='ocrx_word' id='word_1_24' title='bbox 1434 529 1542 579; x_wconf 85' lang='lat' dir='ltr'>post</span> <span class='ocrx_word' id='word_1_25' title='bbox 1579 537 1627 566; x_wconf 87' lang='lat' dir='ltr'>se</span> <span class='ocrx_word' id='word_1_26' title='bbox 1657 526 1776 567; x_wconf 85' lang='lat' dir='ltr'>natis</span> 
     </span>
     <span class='ocr_line' id='line_1_5' title="bbox 323 591 1777 646; baseline 0.001 -14"><span class='ocrx_word' id='word_1_27' title='bbox 323 592 573 633; x_wconf 89' lang='lat' dir='ltr'>hominibus</span> <span class='ocrx_word' id='word_1_28' title='bbox 594 591 854 633; x_wconf 85' lang='lat' dir='ltr'>imitandum</span> <span class='ocrx_word' id='word_1_29' title='bbox 875 591 1105 645; x_wconf 85' lang='lat' dir='ltr'>exemplar</span> <span class='ocrx_word' id='word_1_30' title='bbox 1123 605 1133 633; x_wconf 76' lang='grc' dir='ltr'>ε</span> <span class='ocrx_word' id='word_1_31' title='bbox 1163 604 1313 633; x_wconf 91' lang='lat' dir='ltr'>eorum</span> <span class='ocrx_word' id='word_1_32' title='bbox 1329 592 1425 646; x_wconf 85' lang='lat' dir='ltr'>jam</span> <span class='ocrx_word' id='word_1_33' title='bbox 1441 592 1579 633; x_wconf 88' lang='lat' dir='ltr'>vicem</span> <span class='ocrx_word' id='word_1_34' title='bbox 1594 596 1777 645; x_wconf 81' lang='lat' dir='ltr'>praesta-</span> 
     </span>
     <span class='ocr_line' id='line_1_6' title="bbox 324 659 1779 713; baseline 0.001 -14"><span class='ocrx_word' id='word_1_35' title='bbox 324 660 393 699; x_wconf 90' lang='lat' dir='ltr'>bit</span> <span class='ocrx_word' id='word_1_36' title='bbox 422 659 744 700; x_wconf 88' lang='lat' dir='ltr'>invictissimus</span> <span class='ocrx_word' id='word_1_37' title='bbox 775 659 852 700; x_wconf 93' lang='lat' dir='ltr'>ille</span> <span class='ocrx_word' id='word_1_38' title='bbox 880 671 1043 712; x_wconf 88' lang='lat' dir='ltr'>parens</span> <span class='ocrx_word' id='word_1_39' title='bbox 1064 662 1183 709; x_wconf 89' lang='lat' dir='ltr'>tuus,</span> <span class='ocrx_word' id='word_1_40' title='bbox 1215 672 1361 713; x_wconf 89' lang='lat' dir='ltr'>quem,</span> <span class='ocrx_word' id='word_1_41' title='bbox 1382 664 1433 700; x_wconf 89' lang='lat' dir='ltr'>ut</span> <span class='ocrx_word' id='word_1_42' title='bbox 1461 672 1590 708; x_wconf 89' lang='lat' dir='ltr'>nunc,</span> <span class='ocrx_word' id='word_1_43' title='bbox 1611 662 1653 700; x_wconf 90' lang='lat' dir='ltr'>et</span> <span class='ocrx_word' id='word_1_44' title='bbox 1673 659 1779 701; x_wconf 92' lang='lat' dir='ltr'>olim</span> 
     </span>
     <span class='ocr_line' id='line_1_7' title="bbox 325 725 1779 780; baseline 0.001 -14"><span class='ocrx_word' id='word_1_45' title='bbox 325 726 549 767; x_wconf 88' lang='lat' dir='ltr'>hominum</span> <span class='ocrx_word' id='word_1_46' title='bbox 585 739 721 780; x_wconf 88' lang='lat' dir='ltr'>genus</span> <span class='ocrx_word' id='word_1_47' title='bbox 753 725 881 779; x_wconf 88' lang='lat' dir='ltr'>quasi</span> <span class='ocrx_word' id='word_1_48' title='bbox 915 725 1081 766; x_wconf 90' lang='lat' dir='ltr'>Divum</span> <span class='ocrx_word' id='word_1_49' title='bbox 1109 726 1402 776; x_wconf 86' lang='lat' dir='ltr'>venerabitur,</span> <span class='ocrx_word' id='word_1_50' title='bbox 1430 727 1602 779; x_wconf 88' lang='lat' dir='ltr'>sibique</span> <span class='ocrx_word' id='word_1_51' title='bbox 1635 726 1779 767; x_wconf 89' lang='lat' dir='ltr'>solum</span> 
     </span>
     <span class='ocr_line' id='line_1_8' title="bbox 325 791 1819 848; baseline 0 -14"><span class='ocrx_word' id='word_1_52' title='bbox 325 794 582 835; x_wconf 87' lang='lat' dir='ltr'>imitandum</span> <span class='ocrx_word' id='word_1_53' title='bbox 604 797 834 848; x_wconf 88' lang='lat' dir='ltr'>proponet.</span> <span class='ocrx_word' id='word_1_54' title='bbox 908 791 1144 847; x_wconf 89' lang='lat' dir='ltr'>Adeoque,</span> <span class='ocrx_word' id='word_1_55' title='bbox 1166 793 1286 846; x_wconf 93' lang='lat' dir='ltr'>quod</span> <span class='ocrx_word' id='word_1_56' title='bbox 1303 793 1356 833; x_wconf 88' lang='lat' dir='ltr'>de</span> <span class='ocrx_word' id='word_1_57' title='bbox 1384 793 1572 845; x_wconf 89' lang='lat' dir='ltr'>imagine</span> <span class='ocrx_word' id='word_1_58' title='bbox 1590 792 1779 847; x_wconf 86' lang='lat' dir='ltr'>quadam</span> <span class='ocrx_word' id='word_1_59' title='bbox 1816 834 1819 835; x_wconf 13' lang='grc' dir='ltr'><em>γ</em></span> 
     </span>
     <span class='ocr_line' id='line_1_9' title="bbox 325 859 1780 914; baseline 0 -14"><span class='ocrx_word' id='word_1_60' title='bbox 325 859 513 901; x_wconf 87' lang='lat' dir='ltr'>Veneris</span> <span class='ocrx_word' id='word_1_61' title='bbox 532 861 636 901; x_wconf 90' lang='lat' dir='ltr'>olim</span> <span class='ocrx_word' id='word_1_62' title='bbox 657 860 826 902; x_wconf 89' lang='lat' dir='ltr'>dictum</span> <span class='ocrx_word' id='word_1_63' title='bbox 848 865 931 910; x_wconf 89' lang='lat' dir='ltr'>est,</span> <span class='ocrx_word' id='word_1_64' title='bbox 951 873 1008 901; x_wconf 87' lang='lat' dir='ltr'>ex</span> <span class='ocrx_word' id='word_1_65' title='bbox 1030 872 1084 900; x_wconf 89' lang='lat' dir='ltr'>ea</span> <span class='ocrx_word' id='word_1_66' title='bbox 1103 859 1241 900; x_wconf 88' lang='lat' dir='ltr'>fuisse</span> <span class='ocrx_word' id='word_1_67' title='bbox 1258 859 1312 900; x_wconf 91' lang='lat' dir='ltr'>de</span> <span class='ocrx_word' id='word_1_68' title='bbox 1330 860 1571 914; x_wconf 89' lang='lat' dir='ltr'>puellarum</span> <span class='ocrx_word' id='word_1_69' title='bbox 1590 859 1780 914; x_wconf 89' lang='lat' dir='ltr'>pulchri·</span> 
     </span>
     <span class='ocr_line' id='line_1_10' title="bbox 324 926 1778 981; baseline 0 -13"><span class='ocrx_word' id='word_1_70' title='bbox 324 927 472 968; x_wconf 88' lang='lat' dir='ltr'>tudine</span> <span class='ocrx_word' id='word_1_71' title='bbox 484 928 749 981; x_wconf 88' lang='lat' dir='ltr'>judicatum,</span> <span class='ocrx_word' id='word_1_72' title='bbox 769 933 819 968; x_wconf 88' lang='lat' dir='ltr'>ut</span> <span class='ocrx_word' id='word_1_73' title='bbox 840 941 942 981; x_wconf 84' lang='lat' dir='ltr'>quae</span> <span class='ocrx_word' id='word_1_74' title='bbox 963 927 1146 980; x_wconf 86' lang='lat' dir='ltr'>imagini</span> <span class='ocrx_word' id='word_1_75' title='bbox 1167 927 1352 968; x_wconf 90' lang='lat' dir='ltr'>similior</span> <span class='ocrx_word' id='word_1_76' title='bbox 1382 931 1516 976; x_wconf 88' lang='lat' dir='ltr'>esset,</span> <span class='ocrx_word' id='word_1_77' title='bbox 1536 939 1589 968; x_wconf 90' lang='lat' dir='ltr'>ea</span> <span class='ocrx_word' id='word_1_78' title='bbox 1618 926 1778 968; x_wconf 87' lang='lat' dir='ltr'>formo-</span> 
     </span>
     <span class='ocr_line' id='line_1_11' title="bbox 327 994 1780 1048; baseline -0.001 -13"><span class='ocrx_word' id='word_1_79' title='bbox 327 995 507 1036; x_wconf 86' lang='lat' dir='ltr'>sissima</span> <span class='ocrx_word' id='word_1_80' title='bbox 537 994 771 1044; x_wconf 86' lang='lat' dir='ltr'>diceretur,</span> <span class='ocrx_word' id='word_1_81' title='bbox 792 995 846 1036; x_wconf 90' lang='lat' dir='ltr'>de</span> <span class='ocrx_word' id='word_1_82' title='bbox 879 995 996 1036; x_wconf 90' lang='lat' dir='ltr'>almo</span> <span class='ocrx_word' id='word_1_83' title='bbox 1026 998 1103 1036; x_wconf 92' lang='lat' dir='ltr'>tuo</span> <span class='ocrx_word' id='word_1_84' title='bbox 1125 999 1306 1048; x_wconf 85' lang='lat' dir='ltr'>parente</span> <span class='ocrx_word' id='word_1_85' title='bbox 1327 995 1436 1035; x_wconf 92' lang='lat' dir='ltr'>illud</span> <span class='ocrx_word' id='word_1_86' title='bbox 1456 994 1608 1048; x_wconf 87' lang='lat' dir='ltr'>utique</span> <span class='ocrx_word' id='word_1_87' title='bbox 1629 1006 1780 1035; x_wconf 88' lang='lat' dir='ltr'>verum</span> 
     </span>
     <span class='ocr_line' id='line_1_12' title="bbox 326 1055 1780 1116; baseline 0.001 -14"><span class='ocrx_word' id='word_1_88' title='bbox 326 1062 423 1111; x_wconf 88' lang='lat' dir='ltr'>erit,</span> <span class='ocrx_word' id='word_1_89' title='bbox 444 1061 501 1102; x_wconf 89' lang='lat' dir='ltr'>ad</span> <span class='ocrx_word' id='word_1_90' title='bbox 523 1061 652 1115; x_wconf 86' lang='lat' dir='ltr'>cujus</span> <span class='ocrx_word' id='word_1_91' title='bbox 683 1063 881 1115; x_wconf 86' lang='lat' dir='ltr'>ingentia</span> <span class='ocrx_word' id='word_1_92' title='bbox 913 1063 1033 1104; x_wconf 85' lang='lat' dir='ltr'>facta</span> <span class='ocrx_word' id='word_1_93' title='bbox 1070 1075 1157 1115; x_wconf 90' lang='lat' dir='ltr'>quo</span> <span class='ocrx_word' id='word_1_94' title='bbox 1186 1063 1368 1116; x_wconf 92' lang='lat' dir='ltr'>propius</span> <span class='ocrx_word' id='word_1_95' title='bbox 1388 1062 1510 1103; x_wconf 86' lang='lat' dir='ltr'>beati</span> <span class='ocrx_word' id='word_1_96' title='bbox 1528 1055 1686 1113; x_wconf 57' lang='lat' dir='ltr'>hero&#39;ek</span> <span class='ocrx_word' id='word_1_97' title='bbox 1707 1073 1780 1103; x_wconf 90' lang='lat' dir='ltr'>ac-</span> 
     </span>
     <span class='ocr_line' id='line_1_13' title="bbox 325 1127 1781 1182; baseline -0.001 -13"><span class='ocrx_word' id='word_1_98' title='bbox 325 1129 558 1177; x_wconf 87' lang='lat' dir='ltr'>cesserint,</span> <span class='ocrx_word' id='word_1_99' title='bbox 582 1141 634 1169; x_wconf 90' lang='lat' dir='ltr'>eo</span> <span class='ocrx_word' id='word_1_100' title='bbox 670 1129 862 1181; x_wconf 89' lang='lat' dir='ltr'>amplius</span> <span class='ocrx_word' id='word_1_101' title='bbox 894 1141 942 1169; x_wconf 84' lang='lat' dir='ltr'>se</span> <span class='ocrx_word' id='word_1_102' title='bbox 978 1129 1024 1169; x_wconf 94' lang='lat' dir='ltr'>in</span> <span class='ocrx_word' id='word_1_103' title='bbox 1048 1128 1242 1170; x_wconf 89' lang='lat' dir='ltr'>heroicis</span> <span class='ocrx_word' id='word_1_104' title='bbox 1275 1129 1512 1171; x_wconf 86' lang='lat' dir='ltr'>virtutibus</span> <span class='ocrx_word' id='word_1_105' title='bbox 1536 1127 1781 1182; x_wconf 87' lang='lat' dir='ltr'>profecisse</span> 
     </span>
     <span class='ocr_line' id='line_1_14' title="bbox 327 1195 1781 1248; baseline 0 -14"><span class='ocrx_word' id='word_1_106' title='bbox 327 1195 663 1235; x_wconf 72' lang='lat' dir='ltr'>arbitrabuntur,</span> <span class='ocrx_word' id='word_1_107' title='bbox 723 1195 883 1248; x_wconf 82' lang='lat' dir='ltr'>Perge,</span> <span class='ocrx_word' id='word_1_108' title='bbox 917 1195 1063 1248; x_wconf 81' lang='lat' dir='ltr'>igitur,</span> <span class='ocrx_word' id='word_1_109' title='bbox 1112 1196 1382 1236; x_wconf 76' lang='lat' dir='ltr'><strong>DELPHINE</strong></span> <span class='ocrx_word' id='word_1_110' title='bbox 1419 1195 1781 1248; x_wconf 66' lang='lat' dir='ltr'>SERElefflME,</span> 
     </span>
     <span class='ocr_line' id='line_1_15' title="bbox 325 1249 1779 1315; baseline 0 -14"><span class='ocrx_word' id='word_1_111' title='bbox 325 1273 472 1315; x_wconf 83' lang='lat' dir='ltr'>perge,</span> <span class='ocrx_word' id='word_1_112' title='bbox 503 1265 553 1302; x_wconf 90' lang='lat' dir='ltr'>ut</span> <span class='ocrx_word' id='word_1_113' title='bbox 583 1261 711 1311; x_wconf 88' lang='lat' dir='ltr'>sacis,</span> <span class='ocrx_word' id='word_1_114' title='bbox 743 1261 943 1314; x_wconf 88' lang='lat' dir='ltr'>vestigiis</span> <span class='ocrx_word' id='word_1_115' title='bbox 970 1261 1066 1315; x_wconf 87' lang='lat' dir='ltr'>ejus</span> <span class='ocrx_word' id='word_1_116' title='bbox 1088 1263 1308 1313; x_wconf 89' lang='lat' dir='ltr'>insistere,</span> <span class='ocrx_word' id='word_1_117' title='bbox 1341 1262 1481 1303; x_wconf 91' lang='lat' dir='ltr'>donec</span> <span class='ocrx_word' id='word_1_118' title='bbox 1509 1262 1665 1302; x_wconf 90' lang='lat' dir='ltr'>divina</span> <span class='ocrx_word' id='word_1_119' title='bbox 1701 1249 1779 1303; x_wconf 80' lang='lat' dir='ltr'>&#39;illa</span> 
     </span>
     <span class='ocr_line' id='line_1_16' title="bbox 328 1328 1783 1382; baseline -0.001 -14"><span class='ocrx_word' id='word_1_120' title='bbox 328 1329 559 1382; x_wconf 88' lang='lat' dir='ltr'>sapientia,</span> <span class='ocrx_word' id='word_1_121' title='bbox 575 1341 676 1382; x_wconf 80' lang='lat' dir='ltr'>quae</span> <span class='ocrx_word' id='word_1_122' title='bbox 700 1328 826 1369; x_wconf 87' lang='lat' dir='ltr'>illurn</span> <span class='ocrx_word' id='word_1_123' title='bbox 848 1329 1046 1378; x_wconf 86' lang='lat' dir='ltr'>irradiat,</span> <span class='ocrx_word' id='word_1_124' title='bbox 1064 1328 1252 1377; x_wconf 82' lang='lat' dir='ltr'>afflatus,</span> <span class='ocrx_word' id='word_1_125' title='bbox 1272 1330 1336 1370; x_wconf 91' lang='lat' dir='ltr'>ita</span> <span class='ocrx_word' id='word_1_126' title='bbox 1353 1342 1456 1371; x_wconf 89' lang='lat' dir='ltr'>cum</span> <span class='ocrx_word' id='word_1_127' title='bbox 1477 1341 1529 1370; x_wconf 92' lang='lat' dir='ltr'>eo</span> <span class='ocrx_word' id='word_1_128' title='bbox 1551 1328 1783 1382; x_wconf 83' lang='lat' dir='ltr'>refulgeas.</span> 
     </span>
     <span class='ocr_line' id='line_1_17' title="bbox 328 1395 1783 1450; baseline 0 -12"><span class='ocrx_word' id='word_1_129' title='bbox 328 1397 489 1449; x_wconf 89' lang='lat' dir='ltr'>Neque</span> <span class='ocrx_word' id='word_1_130' title='bbox 511 1396 625 1437; x_wconf 87' lang='lat' dir='ltr'>enirn</span> <span class='ocrx_word' id='word_1_131' title='bbox 647 1395 770 1436; x_wconf 91' lang='lat' dir='ltr'>aliud</span> <span class='ocrx_word' id='word_1_132' title='bbox 793 1396 873 1437; x_wconf 86' lang='lat' dir='ltr'>tibi</span> <span class='ocrx_word' id='word_1_133' title='bbox 895 1410 922 1437; x_wconf 87' lang='lat' dir='ltr'>a</span> <span class='ocrx_word' id='word_1_134' title='bbox 944 1396 1041 1437; x_wconf 91' lang='lat' dir='ltr'>Deo</span> <span class='ocrx_word' id='word_1_135' title='bbox 1060 1396 1242 1450; x_wconf 91' lang='lat' dir='ltr'>Optimo</span> <span class='ocrx_word' id='word_1_136' title='bbox 1259 1396 1462 1438; x_wconf 89' lang='lat' dir='ltr'>Maximo</span> <span class='ocrx_word' id='word_1_137' title='bbox 1480 1401 1548 1438; x_wconf 88' lang='lat' dir='ltr'>est</span> <span class='ocrx_word' id='word_1_138' title='bbox 1569 1401 1783 1450; x_wconf 84' lang='lat' dir='ltr'>expeten-</span> 
     </span>
     <span class='ocr_line' id='line_1_18' title="bbox 328 1463 1781 1517; baseline 0.001 -14"><span class='ocrx_word' id='word_1_139' title='bbox 328 1465 448 1512; x_wconf 88' lang='lat' dir='ltr'>dum,</span> <span class='ocrx_word' id='word_1_140' title='bbox 472 1464 546 1517; x_wconf 90' lang='lat' dir='ltr'>qui</span> <span class='ocrx_word' id='word_1_141' title='bbox 568 1463 648 1504; x_wconf 93' lang='lat' dir='ltr'>tibi</span> <span class='ocrx_word' id='word_1_142' title='bbox 681 1464 851 1517; x_wconf 90' lang='lat' dir='ltr'>reliqua</span> <span class='ocrx_word' id='word_1_143' title='bbox 891 1464 1041 1505; x_wconf 87' lang='lat' dir='ltr'>omnia</span> <span class='ocrx_word' id='word_1_144' title='bbox 1071 1465 1264 1516; x_wconf 84' lang='lat' dir='ltr'>benigna</span> <span class='ocrx_word' id='word_1_145' title='bbox 1295 1477 1426 1505; x_wconf 89' lang='lat' dir='ltr'>manu</span> <span class='ocrx_word' id='word_1_146' title='bbox 1458 1464 1646 1516; x_wconf 83' lang='lat' dir='ltr'>largitus</span> <span class='ocrx_word' id='word_1_147' title='bbox 1684 1467 1781 1505; x_wconf 86' lang='lat' dir='ltr'>est:</span> 
     </span>
     <span class='ocr_line' id='line_1_19' title="bbox 326 1530 1781 1585; baseline 0.001 -15"><span class='ocrx_word' id='word_1_148' title='bbox 326 1530 601 1571; x_wconf 89' lang='lat' dir='ltr'>nobilitatem</span> <span class='ocrx_word' id='word_1_149' title='bbox 623 1543 728 1583; x_wconf 85' lang='lat' dir='ltr'>qua,</span> <span class='ocrx_word' id='word_1_150' title='bbox 752 1531 790 1571; x_wconf 88' lang='lat' dir='ltr'>si</span> <span class='ocrx_word' id='word_1_151' title='bbox 813 1532 869 1571; x_wconf 89' lang='lat' dir='ltr'>ab</span> <span class='ocrx_word' id='word_1_152' title='bbox 890 1531 1046 1571; x_wconf 89' lang='lat' dir='ltr'>ultima</span> <span class='ocrx_word' id='word_1_153' title='bbox 1067 1534 1288 1585; x_wconf 85' lang='lat' dir='ltr'>repetatur</span> <span class='ocrx_word' id='word_1_154' title='bbox 1310 1532 1491 1584; x_wconf 89' lang='lat' dir='ltr'>origine,</span> <span class='ocrx_word' id='word_1_155' title='bbox 1512 1544 1567 1572; x_wconf 88' lang='lat' dir='ltr'>ne</span> <span class='ocrx_word' id='word_1_156' title='bbox 1590 1531 1635 1572; x_wconf 89' lang='lat' dir='ltr'>in</span> <span class='ocrx_word' id='word_1_157' title='bbox 1656 1531 1781 1572; x_wconf 88' lang='lat' dir='ltr'>fabu-</span> 
     </span>
     <span class='ocr_line' id='line_1_20' title="bbox 328 1597 1781 1652; baseline 0.001 -14"><span class='ocrx_word' id='word_1_158' title='bbox 328 1597 385 1638; x_wconf 88' lang='lat' dir='ltr'>lis</span> <span class='ocrx_word' id='word_1_159' title='bbox 432 1597 605 1650; x_wconf 90' lang='lat' dir='ltr'>quidem</span> <span class='ocrx_word' id='word_1_160' title='bbox 644 1597 829 1638; x_wconf 88' lang='lat' dir='ltr'>inveniri</span> <span class='ocrx_word' id='word_1_161' title='bbox 866 1598 1015 1651; x_wconf 88' lang='lat' dir='ltr'>possit</span> <span class='ocrx_word' id='word_1_162' title='bbox 1054 1598 1293 1652; x_wconf 85' lang='lat' dir='ltr'>antiquior:</span> <span class='ocrx_word' id='word_1_163' title='bbox 1345 1599 1531 1639; x_wconf 85' lang='lat' dir='ltr'>formam</span> <span class='ocrx_word' id='word_1_164' title='bbox 1581 1600 1781 1652; x_wconf 84' lang='lat' dir='ltr'>corporis</span> 
     </span>
     <span class='ocr_line' id='line_1_21' title="bbox 329 1665 1781 1718; baseline 0.002 -15"><span class='ocrx_word' id='word_1_165' title='bbox 329 1665 562 1716; x_wconf 84' lang='lat' dir='ltr'>egregiam,</span> <span class='ocrx_word' id='word_1_166' title='bbox 585 1667 627 1704; x_wconf 89' lang='lat' dir='ltr'>et</span> <span class='ocrx_word' id='word_1_167' title='bbox 646 1677 779 1716; x_wconf 88' lang='lat' dir='ltr'>regno</span> <span class='ocrx_word' id='word_1_168' title='bbox 802 1665 873 1705; x_wconf 90' lang='lat' dir='ltr'>cui</span> <span class='ocrx_word' id='word_1_169' title='bbox 889 1669 1023 1705; x_wconf 85' lang='lat' dir='ltr'>natus</span> <span class='ocrx_word' id='word_1_170' title='bbox 1045 1678 1093 1706; x_wconf 89' lang='lat' dir='ltr'>es</span> <span class='ocrx_word' id='word_1_171' title='bbox 1117 1665 1291 1717; x_wconf 87' lang='lat' dir='ltr'>dignam</span> <span class='ocrx_word' id='word_1_172' title='bbox 1312 1678 1322 1706; x_wconf 76' lang='grc' dir='ltr'>ε</span> <span class='ocrx_word' id='word_1_173' title='bbox 1356 1665 1589 1718; x_wconf 88' lang='lat' dir='ltr'>ingenium,</span> <span class='ocrx_word' id='word_1_174' title='bbox 1611 1666 1667 1706; x_wconf 87' lang='lat' dir='ltr'>ad</span> <span class='ocrx_word' id='word_1_175' title='bbox 1688 1678 1781 1706; x_wconf 92' lang='lat' dir='ltr'>om-</span> 
     </span>
     <span class='ocr_line' id='line_1_22' title="bbox 328 1731 1782 1786; baseline 0.002 -15"><span class='ocrx_word' id='word_1_176' title='bbox 328 1732 449 1771; x_wconf 86' lang='lat' dir='ltr'>nium</span> <span class='ocrx_word' id='word_1_177' title='bbox 472 1731 549 1783; x_wconf 90' lang='lat' dir='ltr'>qui</span> <span class='ocrx_word' id='word_1_178' title='bbox 587 1736 628 1772; x_wconf 91' lang='lat' dir='ltr'>te</span> <span class='ocrx_word' id='word_1_179' title='bbox 665 1732 826 1772; x_wconf 90' lang='lat' dir='ltr'>adeunt</span> <span class='ocrx_word' id='word_1_180' title='bbox 856 1732 1222 1773; x_wconf 86' lang='lat' dir='ltr'>admirationem:</span> <span class='ocrx_word' id='word_1_181' title='bbox 1254 1733 1517 1786; x_wconf 78' lang='lat' dir='ltr'>praeclaram</span> <span class='ocrx_word' id='word_1_182' title='bbox 1553 1737 1596 1774; x_wconf 93' lang='lat' dir='ltr'>et</span> <span class='ocrx_word' id='word_1_183' title='bbox 1626 1733 1782 1774; x_wconf 85' lang='lat' dir='ltr'>laetam</span> 
     </span>
     <span class='ocr_line' id='line_1_23' title="bbox 328 1797 1784 1853; baseline 0.002 -16"><span class='ocrx_word' id='word_1_184' title='bbox 328 1797 553 1848; x_wconf 81' lang='lat' dir='ltr'>indolem3</span> <span class='ocrx_word' id='word_1_185' title='bbox 583 1799 788 1850; x_wconf 87' lang='lat' dir='ltr'>pietatem</span> <span class='ocrx_word' id='word_1_186' title='bbox 822 1798 1011 1851; x_wconf 90' lang='lat' dir='ltr'>denique</span> <span class='ocrx_word' id='word_1_187' title='bbox 1040 1799 1252 1851; x_wconf 84' lang='lat' dir='ltr'>singulari</span> <span class='ocrx_word' id='word_1_188' title='bbox 1289 1799 1536 1840; x_wconf 88' lang='lat' dir='ltr'>eruditione</span> <span class='ocrx_word' id='word_1_189' title='bbox 1570 1799 1784 1853; x_wconf 87' lang='lat' dir='ltr'>conjunc-</span> 
     </span>
     <span class='ocr_line' id='line_1_24' title="bbox 330 1866 1782 1920; baseline 0.003 -16"><span class='ocrx_word' id='word_1_190' title='bbox 330 1868 444 1906; x_wconf 88' lang='lat' dir='ltr'>tam:</span> <span class='ocrx_word' id='word_1_191' title='bbox 469 1878 568 1918; x_wconf 86' lang='lat' dir='ltr'>quae</span> <span class='ocrx_word' id='word_1_192' title='bbox 593 1879 692 1905; x_wconf 90' lang='lat' dir='ltr'>cum</span> <span class='ocrx_word' id='word_1_193' title='bbox 719 1866 822 1906; x_wconf 89' lang='lat' dir='ltr'>olim</span> <span class='ocrx_word' id='word_1_194' title='bbox 857 1866 1027 1907; x_wconf 86' lang='lat' dir='ltr'>coelesti</span> <span class='ocrx_word' id='word_1_195' title='bbox 1059 1867 1135 1907; x_wconf 90' lang='lat' dir='ltr'>illa</span> <span class='ocrx_word' id='word_1_196' title='bbox 1168 1867 1386 1920; x_wconf 88' lang='lat' dir='ltr'>sapientia</span> <span class='ocrx_word' id='word_1_197' title='bbox 1407 1867 1537 1920; x_wconf 88' lang='lat' dir='ltr'>quasi</span> <span class='ocrx_word' id='word_1_198' title='bbox 1555 1866 1782 1908; x_wconf 87' lang='lat' dir='ltr'>cumulata</span> 
     </span>
     <span class='ocr_line' id='line_1_25' title="bbox 330 1931 1783 1988; baseline 0.002 -17"><span class='ocrx_word' id='word_1_199' title='bbox 330 1931 501 1981; x_wconf 87' lang='lat' dir='ltr'>fuerint,</span> <span class='ocrx_word' id='word_1_200' title='bbox 525 1939 616 1972; x_wconf 89' lang='lat' dir='ltr'>tum</span> <span class='ocrx_word' id='word_1_201' title='bbox 647 1937 761 1973; x_wconf 88' lang='lat' dir='ltr'>certe</span> <span class='ocrx_word' id='word_1_202' title='bbox 793 1933 1123 1986; x_wconf 87' lang='lat' dir='ltr'>sapientissimo</span> <span class='ocrx_word' id='word_1_203' title='bbox 1157 1939 1235 1974; x_wconf 92' lang='lat' dir='ltr'>tuo</span> <span class='ocrx_word' id='word_1_204' title='bbox 1269 1934 1436 1987; x_wconf 84' lang='lat' dir='ltr'>parenti</span> <span class='ocrx_word' id='word_1_205' title='bbox 1461 1933 1555 1987; x_wconf 88' lang='lat' dir='ltr'>jam</span> <span class='ocrx_word' id='word_1_206' title='bbox 1588 1935 1783 1988; x_wconf 85' lang='lat' dir='ltr'>propior,</span> 
     </span>
     <span class='ocr_line' id='line_1_26' title="bbox 332 2000 1784 2054; baseline 0.001 -15"><span class='ocrx_word' id='word_1_207' title='bbox 332 2001 423 2039; x_wconf 87' lang='lat' dir='ltr'>tam</span> <span class='ocrx_word' id='word_1_208' title='bbox 448 2012 579 2052; x_wconf 85' lang='lat' dir='ltr'>super</span> <span class='ocrx_word' id='word_1_209' title='bbox 600 2000 714 2041; x_wconf 84' lang='lat' dir='ltr'>alios</span> <span class='ocrx_word' id='word_1_210' title='bbox 735 2013 858 2052; x_wconf 88' lang='lat' dir='ltr'>reges</span> <span class='ocrx_word' id='word_1_211' title='bbox 879 2001 1092 2050; x_wconf 85' lang='lat' dir='ltr'>eveheris,</span> <span class='ocrx_word' id='word_1_212' title='bbox 1115 2014 1245 2054; x_wconf 86' lang='lat' dir='ltr'>quam</span> <span class='ocrx_word' id='word_1_213' title='bbox 1267 2013 1382 2041; x_wconf 90' lang='lat' dir='ltr'>nunc</span> <span class='ocrx_word' id='word_1_214' title='bbox 1405 2000 1626 2053; x_wconf 88' lang='lat' dir='ltr'>reliquum</span> <span class='ocrx_word' id='word_1_215' title='bbox 1656 2013 1784 2041; x_wconf 90' lang='lat' dir='ltr'>omne</span> 
     </span>
    </p>
   </div>
   <div class='ocr_carea' id='block_1_3' title="bbox 331 2067 1786 2184">
    <p class='ocr_par' dir='ltr' id='par_1_3' title="bbox 331 2067 1786 2184">
     <span class='ocr_line' id='line_1_27' title="bbox 331 2067 1786 2121; baseline 0 -14"><span class='ocrx_word' id='word_1_216' title='bbox 331 2068 515 2107; x_wconf 85' lang='lat' dir='ltr'>mortale</span> <span class='ocrx_word' id='word_1_217' title='bbox 537 2081 674 2119; x_wconf 85' lang='lat' dir='ltr'>genus</span> <span class='ocrx_word' id='word_1_218' title='bbox 698 2068 1008 2121; x_wconf 88' lang='lat' dir='ltr'>superemines.</span> <span class='ocrx_word' id='word_1_219' title='bbox 1068 2068 1155 2109; x_wconf 89' lang='lat' dir='ltr'>Sed</span> <span class='ocrx_word' id='word_1_220' title='bbox 1173 2069 1450 2108; x_wconf 89' lang='lat' dir='ltr'>invenustum</span> <span class='ocrx_word' id='word_1_221' title='bbox 1465 2074 1533 2109; x_wconf 91' lang='lat' dir='ltr'>est</span> <span class='ocrx_word' id='word_1_222' title='bbox 1553 2072 1595 2109; x_wconf 91' lang='lat' dir='ltr'>te</span> <span class='ocrx_word' id='word_1_223' title='bbox 1615 2067 1786 2109; x_wconf 83' lang='lat' dir='ltr'>diutius</span> 
     </span>
     <span class='ocr_line' id='line_1_28' title="bbox 333 2135 1270 2184; baseline 0.001 -10"><span class='ocrx_word' id='word_1_224' title='bbox 333 2135 510 2183; x_wconf 86' lang='lat' dir='ltr'>morari,</span> <span class='ocrx_word' id='word_1_225' title='bbox 533 2135 800 2175; x_wconf 73' lang='lat' dir='ltr'>DELPHlNE</span> <span class='ocrx_word' id='word_1_226' title='bbox 824 2135 1180 2184; x_wconf 77' lang='lat' dir='ltr'>SEREleSIME,</span> <span class='ocrx_word' id='word_1_227' title='bbox 1198 2135 1270 2175; x_wconf 89' lang='lat' dir='ltr'>cui</span> 
     </span>
    </p>
   </div>
   <div class='ocr_carea' id='block_1_4' title="bbox 447 2200 1537 2256">
    <p class='ocr_par' dir='ltr' id='par_1_4' title="bbox 447 2200 1537 2256">
     <span class='ocr_line' id='line_1_29' title="bbox 447 2200 1537 2256; baseline 0.001 -15"><span class='ocrx_word' id='word_1_228' title='bbox 447 2200 477 2241; x_wconf 88' lang='lat' dir='ltr'><strong>J</strong></span> <span class='ocrx_word' id='word_1_229' title='bbox 481 2214 551 2241; x_wconf 89' lang='lat' dir='ltr'>am</span> <span class='ocrx_word' id='word_1_230' title='bbox 575 2203 694 2242; x_wconf 86' lang='lat' dir='ltr'>venit</span> <span class='ocrx_word' id='word_1_231' title='bbox 716 2215 770 2242; x_wconf 89' lang='lat' dir='ltr'>en</span> <span class='ocrx_word' id='word_1_232' title='bbox 793 2203 928 2255; x_wconf 90' lang='lat' dir='ltr'>virgo,</span> <span class='ocrx_word' id='word_1_233' title='bbox 943 2201 1038 2255; x_wconf 85' lang='lat' dir='ltr'>jam</span> <span class='ocrx_word' id='word_1_234' title='bbox 1060 2203 1226 2243; x_wconf 90' lang='lat' dir='ltr'>dicetur</span> <span class='ocrx_word' id='word_1_235' title='bbox 1249 2202 1537 2256; x_wconf 89' lang='lat' dir='ltr'>Hymenaeus,</span> 
     </span>
    </p>
   </div>
   <div class='ocr_carea' id='block_1_5' title="bbox 449 2268 1670 2376">
    <p class='ocr_par' dir='ltr' id='par_1_5' title="bbox 449 2268 1670 2376">
     <span class='ocr_line' id='line_1_30' title="bbox 449 2268 1670 2323; baseline 0.002 -16"><span class='ocrx_word' id='word_1_236' title='bbox 449 2268 641 2322; x_wconf 87' lang='lat' dir='ltr'>Hymen,</span> <span class='ocrx_word' id='word_1_237' title='bbox 664 2281 690 2309; x_wconf 92' lang='lat' dir='ltr'>o</span> <span class='ocrx_word' id='word_1_238' title='bbox 716 2268 975 2322; x_wconf 78' lang='lat' dir='ltr'>Hymenaee,</span> <span class='ocrx_word' id='word_1_239' title='bbox 1000 2268 1179 2323; x_wconf 90' lang='lat' dir='ltr'>Hymen</span> <span class='ocrx_word' id='word_1_240' title='bbox 1206 2268 1327 2319; x_wconf 86' lang='lat' dir='ltr'>ades,</span> <span class='ocrx_word' id='word_1_241' title='bbox 1351 2282 1378 2310; x_wconf 94' lang='lat' dir='ltr'>o</span> <span class='ocrx_word' id='word_1_242' title='bbox 1401 2270 1444 2310; x_wconf 93' lang='lat' dir='ltr'>H</span> <span class='ocrx_word' id='word_1_243' title='bbox 1453 2281 1670 2323; x_wconf 88' lang='lat' dir='ltr'>ymenaee.</span> 
     </span>
     <span class='ocr_line' id='line_1_31' title="bbox 450 2335 759 2376; baseline 0.003 -1"><span class='ocrx_word' id='word_1_244' title='bbox 450 2335 604 2376; x_wconf 85' lang='lat' dir='ltr'>Laetus</span> <span class='ocrx_word' id='word_1_245' title='bbox 627 2336 759 2376; x_wconf 82' lang='lat' dir='ltr'>ades!</span> 
     </span>
    </p>
   </div>
   <div class='ocr_carea' id='block_1_6' title="bbox 335 2402 1784 2791">
    <p class='ocr_par' dir='ltr' id='par_1_6' title="bbox 335 2402 1784 2791">
     <span class='ocr_line' id='line_1_32' title="bbox 335 2402 1784 2456; baseline -0.001 -12"><span class='ocrx_word' id='word_1_246' title='bbox 335 2402 450 2444; x_wconf 84' lang='lat' dir='ltr'>Vale</span> <span class='ocrx_word' id='word_1_247' title='bbox 471 2403 615 2456; x_wconf 85' lang='lat' dir='ltr'>igitur,</span> <span class='ocrx_word' id='word_1_248' title='bbox 633 2403 903 2443; x_wconf 73' lang='lat' dir='ltr'><strong>DELPHINE</strong></span> <span class='ocrx_word' id='word_1_249' title='bbox 919 2402 1276 2452; x_wconf 72' lang='lat' dir='ltr'>SERENJssmss,</span> <span class='ocrx_word' id='word_1_250' title='bbox 1298 2408 1435 2456; x_wconf 90' lang='lat' dir='ltr'>tuque</span> <span class='ocrx_word' id='word_1_251' title='bbox 1458 2403 1576 2443; x_wconf 88' lang='lat' dir='ltr'>alma</span> <span class='ocrx_word' id='word_1_252' title='bbox 1598 2403 1784 2444; x_wconf 86' lang='lat' dir='ltr'>victoria</span> 
     </span>
     <span class='ocr_line' id='line_1_33' title="bbox 338 2467 1784 2521; baseline -0.001 -11"><span class='ocrx_word' id='word_1_253' title='bbox 338 2470 662 2511; x_wconf 63' lang='lat' dir='ltr'>SEthlesmn</span> <span class='ocrx_word' id='word_1_254' title='bbox 704 2470 957 2511; x_wconf 81' lang='lat' dir='ltr'>DELPfflNl</span> <span class='ocrx_word' id='word_1_255' title='bbox 1010 2468 1308 2509; x_wconf 88' lang='lat' dir='ltr'>Sanctissima</span> <span class='ocrx_word' id='word_1_256' title='bbox 1347 2467 1528 2521; x_wconf 84' lang='lat' dir='ltr'>conjux.</span> <span class='ocrx_word' id='word_1_257' title='bbox 1605 2467 1784 2518; x_wconf 87' lang='lat' dir='ltr'>Valete,</span> 
     </span>
     <span class='ocr_line' id='line_1_34' title="bbox 338 2533 1784 2590; baseline 0 -12"><span class='ocrx_word' id='word_1_258' title='bbox 338 2551 438 2578; x_wconf 87' lang='lat' dir='ltr'>mea</span> <span class='ocrx_word' id='word_1_259' title='bbox 472 2537 706 2590; x_wconf 85' lang='lat' dir='ltr'>praesentia</span> <span class='ocrx_word' id='word_1_260' title='bbox 725 2537 916 2586; x_wconf 88' lang='lat' dir='ltr'>numina,</span> <span class='ocrx_word' id='word_1_261' title='bbox 937 2547 1091 2589; x_wconf 91' lang='lat' dir='ltr'>meque</span> <span class='ocrx_word' id='word_1_262' title='bbox 1119 2547 1349 2587; x_wconf 90' lang='lat' dir='ltr'>meumque</span> <span class='ocrx_word' id='word_1_263' title='bbox 1369 2533 1482 2575; x_wconf 90' lang='lat' dir='ltr'>hunc</span> <span class='ocrx_word' id='word_1_264' title='bbox 1502 2535 1698 2576; x_wconf 88' lang='lat' dir='ltr'>laborem</span> <span class='ocrx_word' id='word_1_265' title='bbox 1719 2536 1784 2578; x_wconf 84' lang='lat' dir='ltr'>fa-</span> 
     </span>
     <span class='ocr_line' id='line_1_35' title="bbox 339 2603 1034 2657; baseline -0.001 -12"><span class='ocrx_word' id='word_1_266' title='bbox 339 2610 488 2645; x_wconf 84' lang='lat' dir='ltr'>ventes</span> <span class='ocrx_word' id='word_1_267' title='bbox 511 2604 712 2657; x_wconf 81' lang='lat' dir='ltr'>aspicite,</span> <span class='ocrx_word' id='word_1_268' title='bbox 734 2603 886 2656; x_wconf 89' lang='lat' dir='ltr'>sicque</span> <span class='ocrx_word' id='word_1_269' title='bbox 907 2603 1034 2644; x_wconf 82' lang='lat' dir='ltr'>vobis</span> 
     </span>
     <span class='ocr_line' id='line_1_36' title="bbox 512 2667 1596 2722; baseline -0.001 -12"><span class='ocrx_word' id='word_1_270' title='bbox 512 2671 602 2711; x_wconf 89' lang='lat' dir='ltr'>Det</span> <span class='ocrx_word' id='word_1_271' title='bbox 617 2670 829 2722; x_wconf 87' lang='lat' dir='ltr'>juvenum</span> <span class='ocrx_word' id='word_1_272' title='bbox 852 2670 1012 2710; x_wconf 89' lang='lat' dir='ltr'>cultrix</span> <span class='ocrx_word' id='word_1_273' title='bbox 1034 2668 1199 2722; x_wconf 91' lang='lat' dir='ltr'>prolem</span> <span class='ocrx_word' id='word_1_274' title='bbox 1221 2667 1391 2709; x_wconf 85' lang='lat' dir='ltr'>Latona</span> <span class='ocrx_word' id='word_1_275' title='bbox 1406 2668 1596 2720; x_wconf 87' lang='lat' dir='ltr'>beatam,</span> 
     </span>
     <span class='ocr_line' id='line_1_37' title="bbox 567 2735 1497 2791; baseline -0.003 -13"><span class='ocrx_word' id='word_1_276' title='bbox 567 2737 752 2791; x_wconf 90' lang='lat' dir='ltr'>Vosque</span> <span class='ocrx_word' id='word_1_277' title='bbox 773 2749 882 2791; x_wconf 90' lang='lat' dir='ltr'>puer</span> <span class='ocrx_word' id='word_1_278' title='bbox 901 2737 1018 2778; x_wconf 84' lang='lat' dir='ltr'>laetis</span> <span class='ocrx_word' id='word_1_279' title='bbox 1037 2737 1210 2790; x_wconf 86' lang='lat' dir='ltr'>ignibus</span> <span class='ocrx_word' id='word_1_280' title='bbox 1231 2739 1326 2776; x_wconf 86' lang='lat' dir='ltr'>urat</span> <span class='ocrx_word' id='word_1_281' title='bbox 1347 2735 1497 2776; x_wconf 87' lang='lat' dir='ltr'>Amor.</span> 
     </span>
    </p>
   </div>
   <div class='ocr_carea' id='block_1_7' title="bbox 470 2829 984 2862">
    <p class='ocr_par' dir='ltr' id='par_1_7' title="bbox 470 2829 984 2862">
     <span class='ocr_line' id='line_1_38' title="bbox 470 2829 984 2862; baseline 0 -1"><span class='ocrx_word' id='word_1_282' title='bbox 470 2829 608 2861; x_wconf 80' lang='lat' dir='ltr'>Parisiis</span> <span class='ocrx_word' id='word_1_283' title='bbox 629 2833 656 2861; x_wconf 92' lang='lat'>1.</span> <span class='ocrx_word' id='word_1_284' title='bbox 675 2830 750 2861; x_wconf 84' lang='lat' dir='ltr'>Kal.</span> <span class='ocrx_word' id='word_1_285' title='bbox 767 2830 873 2862; x_wconf 84' lang='lat' dir='ltr'>Mart.</span> <span class='ocrx_word' id='word_1_286' title='bbox 890 2831 984 2861; x_wconf 81' lang='lat'>1080.</span> 
     </span>
    </p>
   </div>
  </div>
 </body>
</html>
