1915 3231
508 328 571 356 De
609 328 764 357 sunno
797 327 1023 358 TRoJANO
1060 328 1153 358 [AB.
1188 330 1253 358 vl.
1513 321 1598 362 285

149 420 326 470 tolemo,
349 418 579 460 Molossos
596 420 743 470 mittit,
764 420 914 460 dolum
930 418 948 441 ‘¹
977 420 1170 472 Orestis,
1191 421 1376 475 ejusque
1399 423 1597 477 conjugis

147 486 334 527 insidias
372 487 427 529 de
467 487 755 528 interimendo
784 487 897 527 foetu
929 486 1136 528 verita.6e
1213 487 1317 541 [14]
1361 487 1450 529 Per
1479 490 1597 532 idem

147 556 317 606 tempus
349 554 535 608 Ulysses
568 553 741 594 territus
771 553 937 594 crebris
975 554 1183 606 auguriis,
1220 555 1490 608 somniisque
1523 559 1598 598 ad-

147 619 303 668 versis,
333 633 479 660 omnes
511 620 703 673 undique
734 619 924 672 regionis
956 619 1053 672 ejus
1084 620 1395 673 interpretandi
1430 625 1600 664 somnia

147 685 441 738 peritissimos
461 686 691 728 conducit:
719 686 873 740 hisque
892 686 1022 727 refert
1042 687 1151 727 inter
1166 692 1330 738 cetera,
1347 688 1493 730 visum
1512 690 1600 730 sibi

148 752 314 805 saepius
334 754 613 794 simulacrum
630 750 643 774 f
671 753 910 806 quoddam,
930 752 1043 793 inter
1061 752 1296 794 humanum
1319 754 1599 809 divinumque

147 818 317 860 vultum
334 820 485 861 formae
516 819 852 873 perlaudabiliS,
887 832 946 860 ex
976 819 1129 860 eodem
1159 821 1259 862 loco
1289 826 1467 875 repente
1500 823 1599 864 edi:

150 885 269 938 quod
291 887 529 940 complecti
560 899 730 927 summo
751 886 971 927 desiderio
1003 887 1198 940 cupienti
1219 889 1318 937 sibi,
1348 890 1603 943 porrigenti-

150 964 237 1005 que
258 965 428 1003 manus,
448 967 707 1008 responsum
729 954 785 995 ab
810 967 863 995 eo
884 953 1075 994 humana
1095 967 1220 1005 voce,
1242 956 1505 997 sceleratam
1523 957 1602 998 hu-

143 1019 340 1072 jusmodi
374 1021 751 1075 conjunctionem,
786 1021 954 1074 quippe
985 1021 1180 1075 ejusdem
1213 1023 1440 1075 sanguinis
1472 1027 1602 1078 atque

153 1086 361 1139 originis:
392 1101 580 1142 namque
613 1101 671 1128 ex
706 1093 791 1129 eog
821 1088 1007 1129 alterum
1040 1089 1221 1129 alterius
1243 1102 1378 1142 opera
1406 1091 1603 1132 interitu-

151 1165 257 1195 rum.
318 1154 430 1195 Dein
449 1155 642 1197 versanti
670 1155 757 1196 sibi
774 1155 1089 1205 vehementius,
1119 1157 1399 1210 cupientique
1420 1170 1603 1198 causam

152 1221 251 1274 ejus
282 1222 346 1262 rei
378 1222 639 1275 perdiscere,
675 1223 847 1276 signum
880 1222 1100 1276 quoddam
1131 1223 1242 1263 mari
1273 1224 1452 1273 editum,
1476 1224 1604 1264 inter-

153 1287 302 1329 venire
323 1289 486 1329 visum:
503 1286 518 1310 ¹¹
549 1288 682 1342 idque
704 1288 946 1330 secundum
968 1289 1202 1341 imperium
1223 1289 1319 1342 ejus
1337 1288 1346 1313 i
1377 1291 1422 1331 in
1443 1304 1489 1331 se
1504 1290 1605 1344 jac-

758 1428 997 1441 OON‘O‘OtOOO

197 1518 217 1545 6
240 1515 363 1556 Delpli.
381 1516 532 1547 Molossos
556 1525 595 1547 m.
611 1517 733 1547 domum
752 1516 896 1547 Orestem
911 1516 1034 1556 ejusque
1049 1514 1209 1555 conjugem
1227 1516 1258 1546 d.
1276 1516 1298 1547 i.
1319 1516 1352 1554 s.
1368 1517 1499 1548 evitans.

811 1633 950 1664 NOTAE

156 1719 345 1750 dromacliae
369 1724 437 1750 tres
456 1718 542 1750 filios
561 1722 742 1750 numerant
757 1723 852 1750 vete-

154 1778 229 1808 res;
263 1769 443 1809 Pyrrhum,
466 1769 666 1808 Molossum,
682 1772 718 1800 et
742 1768 853 1800 AEaci-

155 1818 234 1858 den,
252 1820 318 1858 vel,
339 1823 376 1850 ut
402 1818 470 1858 alii,
490 1819 710 1859 Pergamum,
727 1819 853 1850 Molos-

154 1877 240 1909 sum,
259 1873 294 1900 et
310 1868 440 1900 Pielum
458 1869 528 1900 sive
546 1869 685 1901 Pielem.
718 1870 855 1910 Euripi-

155 1918 216 1949 des
234 1922 344 1949 tamen
363 1919 496 1950 unicum
513 1919 647 1960 Pyrrho
661 1919 765 1950 filium
783 1919 854 1954 dat.

155 1978 278 2009 nempe
294 1969 491 2000 Molossum.
531 1970 728 2010 Euripidem
744 1970 854 2011 sequi-

157 2022 214 2049 tur
230 2019 367 2060 Dictys,
383 2019 447 2050 nisi
465 2019 554 2060 quod
576 2020 720 2050 noudum
738 2024 854 2050 natum

156 2069 344 2100 Molossum
372 2070 490 2110 tradit,
515 2080 592 2101 cum
618 2069 856 2101 Andromacha

157 2119 323 2150 Molossos
341 2120 439 2150 missa
452 2124 517 2152 est.

198 2168 213 2189 ‘¹
236 2170 389 2200 Molossos
408 2169 508 2201 mittit
528 2169 680 2211 [domum]
712 2170 857 2201 Molossi

158 2219 192 2250 in
217 2219 322 2259 Epiro
338 2220 399 2250 sub
421 2220 550 2251 ditione
572 2220 717 2261 Pyrrhi3
751 2229 857 2261 quare

157 2268 206 2299 ait
232 2268 401 2300 Molossos
430 2269 565 2301 domum
594 2268 736 2300 misisse.
771 2269 858 2300 Vide

158 2319 255 2359 Virg.
275 2327 330 2349 ιιι.

201 2374 215 2390 ‘³
237 2370 374 2410 Eiusque
388 2370 544 2409 conjugis.
555 2393 563 2400 .
576 2370 627 2400 .de
650 2369 856 2401 interimendo

151 2419 235 2456 foetu
259 2419 375 2460 verita]
415 2420 475 2451 Ait
504 2419 682 2451 Thetidem
711 2420 856 2451 evitasse

161 2469 322 2500 Orestem
348 2474 384 2500 et
407 2470 639 2505 Hermionem,
663 2479 704 2500 ne
722 2469 855 2501 Andro-

159 2518 290 2550 machae
303 2517 421 2550 foetum
435 2520 682 2551 interimerent.
705 2518 773 2551 Sed
782 2519 857 2551 bar-

160 2569 243 2600 bare
258 2570 409 2610 loquitur
426 2570 563 2610 Dictys.

205 2618 216 2640 s
239 2620 343 2651 Visum
356 2620 416 2651 sibi
430 2621 541 2660 saepius
555 2620 768 2660 simulacrum]
804 2619 858 2650 An

164 2671 328 2701 somnium
345 2671 434 2702 istud
451 2671 587 2702 aliunde
604 2671 762 2701 habuerit
777 2670 860 2701 Dic-

164 2724 230 2760 tyS,
245 2729 287 2750 an
304 2721 375 2761 ipse
390 2720 542 2761 finxerit,
559 2721 673 2753 dicere
694 2730 761 2752 non
785 2730 861 2760 pos-

164 2779 250 2800 sum.
294 2771 513 2802 Simulacrum
539 2771 621 2802 illud
644 2771 733 2801 inter
750 2771 862 2800 liuma-

163 2829 240 2850 nain
256 2819 469 2860 divinamque
486 2820 628 2851 formam
651 2820 862 2859 Telegonum

165 2869 441 2909 repraesentabat,
459 2870 515 2910 qui
531 2879 571 2900 ex
590 2868 723 2901 homine
737 2873 864 2899 morta-

905 1718 941 1759 li,
959 1727 1080 1758 nempe
1098 1717 1235 1758 Ulysse,
1258 1720 1293 1748 et
1314 1716 1414 1748 Circe
1441 1716 1516 1749 Dea
1539 1719 1610 1750 edi-

908 1772 963 1799 tus
979 1772 1066 1799 erat.

950 1822 966 1844 ἕ
990 1818 1044 1849 Ex
1057 1817 1108 1857 eo]
1144 1817 1196 1848 Ex
1213 1825 1254 1848 eo
1275 1820 1451 1856 tempore;
1477 1816 1510 1846 in
1533 1826 1609 1857 pos-

908 1872 1018 1900 terum
1034 1878 1042 1898 :
1067 1867 1193 1908 alioqui
1207 1866 1437 1906 scribendum,
1452 1867 1460 1883 ‘
1477 1876 1521 1897 ex
1537 1867 1599 1897 iis.’

951 1917 966 1937 ¹¹
989 1917 1124 1957 Signum
1138 1917 1218 1948 mari
1230 1916 1348 1948 editum
1362 1917 1551 1948 intervenire
1563 1918 1611 1948 vi-

907 1968 990 2009 sum]
1011 1967 1170 2000 Jaculum
1184 1966 1403 2008 significavit,
1419 1977 1485 2008 quo
1508 1966 1612 2007 Ulys-

910 2027 962 2049 ses
983 2018 1200 2048 interemtus.
1245 2016 1329 2056 Ejus
1356 2016 1446 2047 enim
1471 2026 1611 2047 acumen

910 2072 984 2098 erat
1000 2076 1042 2097 ex
1059 2076 1133 2097 osse
1150 2065 1336 2106 pastinacae
1355 2065 1476 2096 marini
1499 2066 1613 2107 piscis,

911 2117 968 2158 qui
988 2117 1121 2149 Graecis
1144 2116 1267 2157 τρυγὼν
1289 2116 1401 2147 dictus
1427 2119 1491 2147 est.
1537 2117 1612 2149 Quo

911 2177 1011 2199 seusu
1039 2167 1141 2198 etiam
1170 2172 1304 2198 veteres
1331 2166 1503 2197 oraculum
1529 2166 1612 2196 illud

911 2227 931 2249 a
947 2217 1082 2248 Tiresia
1098 2216 1215 2256 Ulyssi
1237 2214 1409 2247 redditum
1437 2224 1614 2254 accepere,

913 2267 1002 2309 quod
1025 2266 1134 2297 refert
1154 2266 1255 2297 Hom.
1277 2265 1346 2296 od.
1368 2268 1404 2296 Λ.
1427 2263 1565 2296 Θάνατος
1580 2264 1616 2295 δέ

908 2329 956 2348 τοι
967 2317 998 2356 ἐξ
1005 2315 1082 2348 ἁλὸς
1092 2316 1175 2355 αὐτῷ
1185 2339 1191 2347 .
1202 2338 1210 2346 .
1219 2338 1227 2346 .
1237 2314 1412 2354 ἐλεύσεται,
1421 2314 1431 2331 ⁴
1444 2315 1538 2346 Mors
1551 2315 1613 2346 tibi

911 2377 930 2398 a
942 2367 1026 2398 mari
1040 2365 1177 2397 veniet.’
1198 2365 1266 2396 Ubi
1284 2365 1361 2395 vide
1376 2364 1613 2405 interpretem,

911 2416 969 2457 qui
985 2415 1135 2455 AEsehyli
1156 2415 1266 2446 locum
1290 2413 1430 2444 adducit
1451 2423 1470 2444 e
1497 2413 1615 2445 fabula

910 2464 1113 2505 Ψυχά-γωγοι,
1122 2464 1156 2495 id
1168 2463 1440 2502 est‚Animarum
1451 2467 1614 2495 evocato-

912 2525 986 2546 res:
1003 2515 1056 2545 Ἐκ
1070 2514 1126 2545 τοῦ
1141 2514 1166 2544 δ’
1179 2513 1294 2544 ἄκανθα.
1309 2511 1438 2543 ποντίου
1453 2512 1615 2552 βοσκήμα-

911 2575 965 2596 τος
987 2563 1081 2604 Σήψει
1104 2561 1239 2594 παλαιὸν
1254 2561 1347 2602 δέρμα
1361 2561 1412 2592 καὶ
1426 2563 1617 2603 τριχοῤῥυές.

913 2618 923 2633 ‘
940 2615 1037 2646 Illius
1075 2619 1189 2645 autem
1219 2613 1320 2653 spina
1357 2613 1479 2643 marini
1513 2614 1616 2654 piscis

915 2665 1119 2704 Corrumpet
1150 2663 1274 2703 pellem
1306 2666 1399 2692 tuam
1431 2662 1616 2703 antiquam,

915 2713 1088 2755 depilem.’
1132 2713 1188 2744 Ita
1204 2711 1373 2753 Lycophr.
1398 2712 1508 2743 Κτενεῖ
1519 2712 1551 2744 δὲ
1563 2713 1618 2744 τύ-

917 2769 976 2806 ψας
991 2764 1108 2805 πλευρὰ
1123 2763 1243 2803 Aoi-yios
1256 2762 1382 2802 στόνυξ,
1404 2761 1528 2804 Κέντρῳ
1543 2765 1617 2795 δυο--

918 2816 1018 2855 amin
1041 2816 1178 2847 ἔλλοπος
1210 2813 1412 2854 Σαρδωνικῆς,
1446 2813 1555 2854 Κέλωρ
1583 2813 1617 2845 δὲ

919 2865 1034 2906 πατρὸς
1058 2865 1195 2906 ἄρταμος
1218 2862 1417 2901 κληθήσεται.
1447 2865 1455 2881 ‘
1469 2863 1619 2896 Occidet
