1915 3231
519 318 581 349 DE
614 317 849 348 Hls'ronrA
886 315 1029 346 finum
1064 315 1295 346 TROJANI.
1568 305 1624 346 41

824 366 834 381 ‚

177 413 312 463 volui,
336 412 440 467 quia
459 412 505 453 in
534 413 657 454 hisce
678 411 876 453 consistit
898 408 940 450 τὸ
971 407 1192 465 κρινόμενον,
1215 413 1259 451 01
1290 409 1422 451 1011113
1453 413 1625 451 contro-

176 480 331 522 versiae
352 479 508 520 nodus.
570 479 668 520 Illis
693 478 809 519 enim
842 477 1080 530 expeditiS,
1102 490 1169 517 res
1188 477 1292 530 ipsa
1320 480 1384 517 tot
1417 476 1627 518 inanibus

177 546 437 601 conjecturis
457 546 673 600 implicita
703 548 745 585 et
773 545 1025 594 obscurata,
1046 544 1092 584 in
1121 544 1333 597 liquidam
1366 545 1543 596 emergit
1561 544 1628 584 lu-

177 627 288 662 cem,
309 618 355 654 et
385 616 508 665 patet
538 612 730 661 tandem,
762 611 815 651 de
846 611 1009 664 Dictye
1041 609 1246 651 Cretensi
1274 610 1380 663 quid
1411 611 1538 651 nobis
1570 611 1629 651 sit

177 679 477 722 statuendum.
537 679 657 720 Nam
706 678 743 718 si
773 678 857 719 hoc
896 681 1086 727 constat,
1135 677 1395 730 Septimium
1445 677 1628 718 vertisse

175 747 308 788 hosce
329 745 502 786 libellos
536 758 593 786 ex
632 745 707 785 illo
738 744 914 798 Dictye,
951 757 1084 798 quem
1124 744 1275 785 Graeci
1308 744 1551 798 Scriptores
1584 747 1629 785 et

177 813 439 855 Scholiastae
472 812 708 853 identidem
743 811 939 860 laudant,
969 824 1047 852 seu
1084 811 1269 853 Graecos
1296 811 1433 853 hosce
1464 811 1628 852 nullum

177 881 312 922 alium
332 880 555 928 habuisse,
572 879 765 928 novisse,
781 879 1056 931 designasse,
1078 879 1260 932 Dictyn,
1282 892 1413 932 quam
1429 878 1540 919 1111110
1561 878 1628 932 ip-

177 961 290 997 sum,
325 960 452 1000 quem
487 946 731 1000 Septimius
764 959 964 987 sermone
1004 946 1165 987 Latino
1201 947 1438 999 expressit,
1470 944 1630 986 evadet

176 1018 279 1055 tunc
299 1014 453 1055 diurna
485 1014 585 1054 luce
609 1013 770 1054 clarius
792 1017 838 1053 et
860 1013 1039 1062 certius,
1071 1013 1231 1053 falsum
1253 1025 1352 1064 ergo
1373 1025 1489 1061 esse,
1510 1011 1630 1064 quod

175 1079 324 1123 Graeci
358 1080 423 1120 1111
459 1079 727 1121 tradiderunt
761 1078 939 1128 diserte,
977 1079 1183 1133 quodque
1218 1080 1320 1120 ideo
1354 1078 1630 1120 crediderunt

177 1151 307 1200 atque
339 1144 605 1186 affirmarunt
626 1145 823 1186 Vossius
843 1145 997 1195 Pater,
1024 1146 1118 1187 Leo
1144 1146 1348 1198 Allatius‚
1369 1150 1410 1187 et
1431 1145 1628 1199 plerique

175 1213 308 1255 hodie
329 1213 421 1260 alii,
443 1213 673 1266 scripsisse
703 1212 932 1253 historiam
963 1213 1016 1253 de
1048 1213 1172 1254 Bello
1195 1213 1388 1267 Trojano
1418 1213 1629 1265 antiquis-

178 1281 337 1322 simum
359 1280 576 1334 quendam
598 1280 782 1334 Dictyn,
805 1280 1031 1321 Idomenei
1055 1281 1333 1322 Cretensium
1365 1280 1527 1333 Reguli
1549 1292 1626 1320 co—

176 1349 341 1398 mitem,
363 1347 441 1401 qui
475 1345 571 1401 ipse
596 1347 715 1388 bello
737 1346 931 1399 Trojano
951 1347 1205 1395 interfuerit,
1228 1351 1271 1388 et
1290 1360 1357 1388 res
1378 1348 1433 1388 ab
1459 1359 1507 1387 se
1528 1346 1628 1399 ipso

177 1415 299 1455 visas
337 1410 564 1455 me‘moriae
597 1413 886 1455 mandaverit.
946 1414 1123 1455 Nomen
1164 1416 1273 1470 ejus,
1313 1426 1543 1467 personam
1584 1413 1629 1453 in

176 1482 266 1523 ista
300 1481 597 1535 expeditione,
634 1485 828 1530 aetatem,
869 1485 910 1521 et
949 1482 1233 1534 scriptionem
1282 1481 1412 1522 finxit
1437 1480 1527 1529 ille,
1552 1479 1629 1534 qui

182 1549 384 1590 Graecam
406 1549 519 1590 hanc
552 1549 806 1590 Historiam
837 1552 1033 1602 tempore
1067 1549 1259 1589 Neronis
1288 1547 1552 1601 composuit,
1585 1551 1630 1587 et

176 1616 287 1656 unde
303 1616 427 1656 unice
450 1619 543 1657 tota
564 1615 659 1657 haec
674 1615 826 1656 fabula
848 1615 902 1655 de
925 1615 1232 1668 antiquissimo
1254 1615 1329 1656 1110
1347 1615 1508 1667 Dictye
1524 1613 1629 1655 Cre-

174 1683 287 1724 tensi
308 1683 481 1724 videtur
512 1686 619 1724 orta.
680 1682 798 1724 Nam
830 1682 975 1724 nullus
998 1683 1116 1723 alius
1137 1694 1323 1736 usquam
1352 1684 1626 1730 memoratur,

176 1750 255 1791 sed
287 1755 332 1791 et
358 1763 484 1792 nemo
516 1750 562 1790 in
584 1749 764 1791 Graecia
799 1749 961 1800 extitit,
997 1749 1074 1803 qui
1110 1754 1212 1790 ante
1245 1748 1488 1790 Homerum
1524 1748 1630 1801 quid

174 1817 414 1871 scripserit,
442 1821 484 1859 et
515 1818 568 1858 de
588 1817 798 1872 Trojanis
821 1817 1000 1871 quidem
1030 1818 1174 1866 rebus,
1196 1821 1243 1858 ut
1274 1816 1383 1857 satis
1412 1816 1628 1868 probasse

175 1896 245 1924 me
265 1888 375 1938 puto
406 1897 463 1925 ex
490 1884 624 1925 variis
644 1884 921 1926 Auctoribus
949 1883 1006 1924 ad
1028 1884 1257 1925 AElianum
1277 1882 1390 1924 Var.
1414 1882 1534 1922 Hist.
1558 1892 1629 1922 XI.

175 1951 217 1992 2.
264 1950 362 1992 Viri
393 1951 659 2001 doctissimi,
680 1952 755 2006 qui
793 1951 878 1992 1100
910 1955 1125 2004 tempore,
1159 1951 1271 1992 alius
1305 1951 1442 1991 alium
1470 1949 1630 1999 secuti,

175 2018 305 2060 talem
340 2018 471 2059 nobis
506 2018 670 2072 Dictyn
702 2022 890 2068 narrant,
914 2017 1134 2059 credidere
1166 2019 1301 2059 alium
1337 2017 1478 2058 fuisse
1501 2016 1630 2058 Grae-

175 2099 324 2127 corum
349 2086 532 2140 Dictyn,
569 2091 704 2139 atque
736 2086 853 2127 hunc
891 2085 1030 2127 nostri
1072 2086 1293 2140 Septimii.
1353 2084 1490 2135 Quod
1530 2097 1631 2125 curn

174 2153 347 2208 liquido
369 2153 414 2194 in
442 2154 739 2207 superioribus
757 2153 1054 2203 refutaverim,
1075 2166 1159 2194 nec
1182 2153 1416 2206 quisquam
1440 2152 1553 2192 alius
1575 2152 1630 2192 ab

174 2221 254 2262 illo
277 2220 537 2263 Graecorum
557 2225 602 2262 et
619 2221 756 2262 nostri
787 2220 996 2274 Septimii
1032 2220 1195 2273 Dictye
1217 2219 1412 2260 extiterit
1434 2218 1631 2271 Scriptor

175 2289 295 2330 illius
322 2289 529 2338 nominis,
562 2293 762 2341 superest
791 2288 904 2329 nihil
939 2288 1080 2337 aliud,
1111 2287 1194 2327 nisi
1225 2299 1358 2327 unum
1392 2285 1491 2334 hoc,
1513 2284 1631 2338 quod

175 2361 322 2398 tamen
348 2355 515 2396 nullius
544 2356 680 2397 ferme
717 2356 882 2408 negotii
914 2359 998 2405 est,
1017 2368 1117 2396 cum
1138 2355 1217 2396 vix
1238 2365 1490 2408 quenquam
1510 2352 1556 2392 in
1575 2364 1629 2393 00

174 2422 399 2464 habiturus
421 2422 503 2462 sim
529 2422 835 2474 refragantem,
856 2426 905 2463 ut
926 2422 1171 2470 ostendam,
1192 2432 1330 2473 neque
1347 2419 1469 2459 illum
1496 2419 1630 2459 nostri

177 2477 367 2544 Dictyos
389 2495 629 2538 auctorem,
652 2490 728 2543 qui
761 2503 808 2530 se
838 2489 970 2530 finxit
1000 2488 1356 2540 antiquissimum
1376 2485 1501 2526 illum
1524 2485 1631 2526 Dic-

175 2562 269 2611 tyn,
300 2557 596 2610 comitemque
637 2556 884 2606 Idomenei,
921 2555 1062 2596 fuisse
1110 2553 1386 2607 temporibus
1423 2551 1630 2605 Trojanis

177 2624 421 2678 aequalem:
454 2626 586 2677 atque
628 2622 743 2663 adeo
777 2622 936 2663 falsum
977 2633 1074 2662 esse
1115 2620 1238 2660 illum
1277 2622 1322 2658 01
1360 2617 1631 2667 mendacem,

178 2691 359 2745 quando
378 2690 421 2731 id
443 2702 522 2744 per
543 2692 679 2731 totam
696 2689 927 2730 historiam
949 2688 1122 2729 solicite
1144 2686 1258 2726 adeo
1279 2684 1488 2725 inculcat.

233 2768 389 2799 xxm.
438 2756 644 2810 Arguunt
677 2756 842 2796 etenim
881 2756 1004 2796 illum
1044 2753 1170 2794 multi
1217 2764 1386 2792 errores
1418 2750 1629 2800 historici,

175 2826 336 2878 partim
357 2825 415 2867 ab
436 2825 537 2878 ipso
557 2823 754 2878 profecti,
793 2822 954 2876 partim
978 2834 1035 2862 ex
1067 2818 1225 2861 Poetis
1254 2817 1455 2872 repetiti:
1494 2817 1630 2859 veluti
