1915 3231
503 286 564 316 1>ss
597 286 755 316 nunno
787 285 1014 316 TROJANO
1049 286 1144 316 mn.
1176 286 1250 316 ιιι.
1503 277 1590 319 209

140 393 249 423 vene
266 380 454 433 ipseque
475 385 519 421 et
531 381 606 434 qui
628 394 724 422 cum
746 393 801 421 eo
817 383 1027 422 venerant
1042 380 1145 421 cibo
1165 378 1422 421 invitantur.
1471 381 1590 422 Dein

139 449 215 489 ubi
229 449 365 489 saties
380 451 399 477 4
419 461 568 489 omnes
581 449 751 498 tenuit‚¹
766 448 849 488 hoc
869 446 1002 487 modo
1020 446 1219 487 Achilles
1230 446 1451 488 disseruit:
1474 449 1487 468 ‘
1501 447 1590 488 Re-

141 512 205 555 fer
220 526 337 555 nunc
350 514 447 568 jam
467 514 572 555 mihi
588 515 782 563 Priame,
797 512 903 566 quid
917 516 1080 553 tantum
1101 525 1251 553 causae
1270 512 1413 563 fuerit,
1427 526 1505 554 cur
1517 514 1592 554 de-

138 579 387 621 ficientibus
400 581 578 634 quidem
594 581 723 622 vobis
743 581 786 620 in
807 579 903 620 dies
917 579 1060 632 copiis
1074 579 1356 628 militaribus,
1374 579 1593 632 ingraves-

139 646 341 687 centibus
363 652 510 688 autem
532 647 860 689 calamitatibus
878 651 1014 700 atque
1037 646 1264 696 aerumnis,
1286 645 1504 687 Helenam
1525 650 1594 689 ta·

139 726 238 755 men
258 714 303 755 in
322 714 578 755 hodiernum
610 713 882 755 retinendam
915 713 1096 766 putetis,
1126 724 1269 765 neque
1288 712 1414 753 velut
1445 716 1594 755 conta-

140 780 309 833 gionem
329 780 509 822 infausti
528 781 691 822 ominis
721 779 1009 835 propuleritis
1026 793 1037 831 ;
1069 792 1200 833 quam
1230 778 1482 832 prodidisse
1511 793 1591 833 pa-

139 846 282 898 triam,
311 851 623 901 parentesque,
653 851 713 896 et,
736 847 852 901 quod
875 846 1228 899 indignissimum
1244 851 1263 874 y
1293 846 1487 887 omnium
1510 851 1592 897 est,

138 912 297 954 fratres
331 914 672 964 sanctissimos,2
700 914 1011 967 cognoveritis.
1071 912 1278 966 Namque
1300 912 1346 953 hi
1366 915 1561 955 execrati
1577 920 1591 944 ⁵

139 979 312 1020 facinus
334 980 443 1034 ejus,
464 994 518 1022 ne
537 980 583 1021 in
602 980 837 1022 militiama
866 979 1043 1033 quidem
1074 980 1303 1021 nobiscum
1335 980 1594 1035 conjurave-

141 1050 264 1088 runt:
295 1047 485 1097 scilicet,
505 1061 558 1088 ne
578 1060 711 1102 quam
733 1046 886 1087 audire
908 1047 1174 1088 incolumem
1192 1047 1370 1096 nollent,
1390 1048 1430 1088 ei
1449 1060 1530 1101 per
1544 1061 1593 1089 se

144 1113 333 1154 reditum
355 1114 400 1154 in
414 1114 600 1168 patriam
622 1118 884 1168 quaererent.
931 1112 1040 1153 Eam
1063 1113 1199 1165 igitur
1219 1126 1320 1154 cum
1343 1115 1593 1164 cerneretis,

141 1179 261 1220 malo
281 1180 508 1230 omnium,b
529 1182 755 1223 civitatem
774 1180 1011 1221 intravisse
1027 1185 1230 1229 vestram,
1247 1192 1336 1221 non
1355 1181 1552 1235 ejecistis
1569 1183 1589 1222 ‘l

141 1257 230 1287 non
247 1260 346 1288 cum
366 1248 732 1290 detestationibus
745 1252 875 1289 extra
893 1259 1043 1288 muros
1056 1247 1279 1300 prosecuti
1292 1247 1401 1288 estis
1418 1249 1436 1288 'l
1470 1247 1594 1299 Quid

141 1313 211 1353 illi
232 1326 374 1364 senes,
391 1327 576 1367 quorum
595 1314 714 1355 filios
733 1325 883 1367 pugna
901 1312 1043 1354 indies
1065 1312 1272 1354 conficit:
1288 1326 1432 1355 nonne
1450 1313 1593 1355 adhuc

142 1379 486 1432 persenserunt‚⁶
518 1380 701 1421 eandem
714 1385 729 1401 ‘²
764 1391 945 1421 causam
975 1379 1176 1420 extitisse
1209 1384 1433 1421 tantorum
1468 1380 1595 1421 fune-

142 1457 240 1486 rum
255 1446 275 1485 'l
335 1445 461 1488 Itane
480 1459 584 1499 ergo
605 1446 818 1488 divinitus
839 1446 968 1487 vobis
988 1458 1144 1488 eversa
1162 1460 1284 1488 mens
1304 1451 1385 1498 est,
1421 1452 1469 1489 ut
1497 1448 1594 1488 nul-

752 1562 994 1576 “enecueeo

141 1640 160 1667 5
185 1636 310 1678 Delph.
326 1638 480 1679 execrari,
495 1637 619 1669 omissa
634 1646 716 1670 voce
731 1637 843 1670 1ιὶ.-6
866 1636 989 1678 Delph.
1005 1639 1243 1677 praesenserunt.

800 1741 944 1775 NOTAE

181 1820 198 1836 ¹
221 1814 308 1846 Dein
331 1814 385 1846 ubi
405 1816 500 1848 saties
520 1826 625 1849 omnes
650 1817 766 1857 tenuit]
788 1817 841 1848 Ex

141 1864 272 1904 vulgari
289 1864 347 1896 illo
364 1865 519 1898 Homeri.
534 1867 639 1907 Αὐτὰρ
655 1867 721 1898 ἐπεὶ
734 1866 843 1899 πόσιος

140 1912 191 1944 καὶ
206 1912 332 1951 ἐδητύος
347 1914 379 1953 ἐξ
395 1913 464 1955 ἔρον
476 1914 559 1946 ἕντο.
577 1917 586 1933 ‘
598 1916 731 1948 Deinde
748 1921 842 1957 post-

140 1973 241 2004 quam
268 1968 369 2004 potus
391 1969 428 1996 et
451 1965 519 1997 cibi
535 1966 742 1998 desiderium
757 1968 840 1998 emi-

141 2012 284 2044 serunt!

184 2067 198 2089 5
218 2063 261 2093 Et
277 2064 358 2103 quod
371 2063 637 2106 indignissimum]
661 2066 767 2099 Quasi
785 2076 840 2098 ve-

143 2122 181 2144 ro
193 2113 302 2144 minus
315 2113 360 2145 sit
375 2115 522 2154 patriam
535 2121 569 2146 et
586 2121 746 2156 parentes
762 2127 841 2157 pro·

141 2163 225 2195 dere
240 2173 340 2204 quam
367 2163 501 2197 fratres.
543 2166 610 2197 Sed
637 2166 687 2198 ita
711 2166 766 2199 hic
791 2168 841 2198 lo-

143 2213 258 2254 quitur
286 2214 420 2254 Dictys,
453 2220 596 2256 propter
622 2216 840 2250 sanctitatem

142 2263 294 2297 Castoris
310 2268 346 2295 et
362 2264 536 2305 Pollucis;
558 2266 683 2307 quippe
701 2267 757 2308 qui
774 2266 840 2299 Dei

143 2317 270 2344 essent.

185 2367 198 2383 ¹
219 2363 351 2395 Fratres
364 2364 592 2405 sanctissimos]
615 2366 792 2398 Castorem
805 2370 842 2398 et

144 2411 328 2444 Pollucem.

186 2467 201 2482 ²
224 2463 369 2502 Namque
395 2460 536 2496 execrari
550 2464 680 2502 facinus
704 2465 780 2507 ejus,
805 2476 843 2497 ne

143 2511 178 2542 in
192 2511 354 2552 militiam]
377 2513 585 2555 Expressum
602 2525 645 2547 ex
661 2516 703 2547 Il.
717 2520 750 2548 Γ.
774 2516 844 2548 Ubi

144 2561 280 2593 Helena
295 2563 336 2594 ad
350 2564 522 2596 Priamum
536 2576 544 2597 :
569 2566 650 2597 Δοιὼ
663 2566 689 2597 δ’
702 2567 738 2597 οὐ
754 2566 844 2598 δύνα-

144 2621 198 2649 μαι
220 2610 310 2644 ἰδέειν
333 2614 506 2656 κοσμῖπορε
527 2614 624 2653 λαῶν,
651 2615 797 2657 Κάπορά
820 2616 846 2649 θ’

145 2660 326 2700 ἱππόδαμον,
348 2664 398 2695 καὶ
417 2663 476 2705 πὺξ
497 2665 615 2705 ἀγαθὸν
635 2665 842 2703 Πολυδεύκεα,

146 2709 421 2755 Αὔτοκασιγνήι-ω,
445 2714 490 2746 τῶ
504 2727 555 2754 μοι
576 2715 631 2755 μία
644 2715 771 2755 γείνατο
786 2716 844 2756 μή·

147 2771 214 2799 τηρ.
236 2759 278 2791 ’Ἦ
302 2762 363 2802 οὐχ
387 2763 541 2803 ἑσπέσθην
565 2766 788 2804 Λακεδαίμονος
812 2767 844 2806 ἐξ

147 2811 324 2850 ἐρατᾶν-ἵης
346 2812 388 2845 *Η
418 2816 504 2856 δεῦρο
525 2816 583 2854 μὲν
608 2817 719 2849 ἕποντο
743 2817 842 2849 νέεσσ’

230 2864 347 2906 Delph.
361 2869 391 2897 et
413 2867 488 2899 Vur.
504 2870 589 2900 Clas.

896 1816 941 1848 ἐνὶ
957 1816 1186 1858 ποντοπόροισι,
1202 1817 1266 1849 Νῦν
1280 1818 1305 1849 δ’
1321 1816 1389 1850 αὖι)
1400 1819 1456 1850 οὐκ
1472 1819 1596 1852 ἐθέλου-

895 1878 941 1904 σι,
964 1866 1073 1907 μάχην
1097 1867 1304 1907 καταδύμεναι
1325 1869 1452 1910 ἀνδρῶν,
1473 1871 1598 1911 Αἵσχεα

894 1917 1051 1958 δειδιότες,
1067 1918 1117 1949 καὶ
1137 1918 1255 1950 ὀνείδεσι
1277 1918 1374 1951 πόλλ’
1399 1919 1420 1951 ἅ
1441 1933 1492 1959 μοι
1516 1921 1597 1952 ἐστί.

895 1969 904 1985 “
917 1968 1009 1999 Duos
1020 1973 1151 2000 tantum
1165 1978 1229 2000 non
1244 1979 1377 2009 possum
1392 1970 1507 2002 videre
1521 1980 1596 2010 pas-

894 2022 984 2049 tores
1003 2019 1219 2059 populorum,
1241 2019 1419 2051 Castorem
1434 2029 1595 2061 equorum

893 2067 1122 2111 domitorem..
1146 2073 1182 2099 et
1227 2069 1382 2109 pugilatu
1419 2075 1596 2102 strenuum

894 2117 1085 2158 Pollucem,
1116 2118 1306 2150 Germanos
1335 2118 1474 2159 fratres,
1511 2129 1596 2161 quos

895 2168 975 2199 mihi
1001 2178 1068 2199 una
1094 2169 1212 2209 genuit
1227 2174 1348 2200 mater.
1394 2170 1447 2201 An
1464 2179 1528 2201 non
1544 2179 1598 2201 se·

895 2219 965 2250 cuti
992 2223 1071 2249 suut
1100 2228 1144 2249 ex
1173 2219 1410 2250 Lacedemone
1435 2220 1596 2251 amabili?

896 2269 963 2299 Vel
984 2268 1049 2300 huc
1064 2269 1199 2309 quidem
1216 2270 1325 2301 secuti
1339 2275 1430 2309 sunt,
1454 2270 1487 2301 in
1504 2271 1597 2302 navi-

895 2319 958 2350 bus
975 2319 1197 2360 pontigradiS,
1214 2319 1260 2351 At
1273 2329 1363 2351 nunc
1379 2321 1498 2352 nolunt
1516 2330 1597 2361 pug-

894 2378 970 2400 nam
985 2369 1132 2400 virorum
1145 2370 1269 2400 iterum
1283 2369 1408 2410 subire,
1417 2370 1597 2402 Dedecora

895 2420 1054 2451 timentes
1082 2424 1117 2451 et
1144 2420 1269 2461 probra
1296 2420 1401 2451 multa
1423 2430 1499 2461 quae
1516 2421 1596 2452 mihi

894 2469 997 2501 sunt?

939 2518 953 2539 ¹³
968 2519 1056 2550 Malo
1069 2519 1219 2559 omnium]
1245 2519 1284 2550 In
1299 2519 1447 2551 omnium
1464 2523 1596 2560 pestem

896 2572 933 2601 et
959 2568 1156 2608 perniciem.
1201 2570 1317 2602 Quare
1343 2571 1478 2601 Nereus
1505 2569 1597 2610 apud

901 2619 1080 2651 Horatium
1110 2619 1226 2650 Paridi
1251 2620 1312 2659 ait,
1339 2620 1506 2651 Helenam
1534 2619 1598 2651 du·

896 2668 989 2700 centi
1001 2680 1008 2698 z
1021 2668 1031 2686 ‘
1042 2669 1136 2700 Mala
1147 2669 1242 2700 ducis
1255 2670 1308 2700 avi
1322 2670 1471 2710 domum,
1484 2670 1597 2703 Quam

897 2718 1003 2750 multo
1030 2723 1163 2758 repetet
1190 2719 1327 2750 Graecia
1350 2719 1483 2750 milite.’
1530 2720 1597 2753 Ubi

897 2769 999 2804 mala,
1015 2773 1079 2807 est,
1093 2767 1254 2806 infausta,
1270 2770 1412 2808 exitiali,
1430 2772 1496 2801 δερ.

940 2824 953 2839 c
978 2819 1133 2860 Eandem]
1156 2819 1312 2852 Referad
1327 2821 1507 2853 Helenam.

766 2871 858 2902 Diet.
878 2872 963 2903 Cret.
1473 2874 1504 2905 O
