1915 3231
591 295 655 324 DE
687 293 926 325 Hisronm
962 293 1107 324 unum
1142 294 1376 325 rnosANi.
1644 285 1700 325 27

246 399 360 437 sum,
383 385 562 440 quando
580 398 685 427 suos
708 385 1001 427 Characteres
1025 399 1048 426 e
1073 386 1235 438 Dictye
1258 399 1305 426 se
1327 387 1540 426 sumsisse
1562 385 1700 426 dicit!

246 452 310 495 At
329 466 436 495 vero
458 466 541 493 non
563 453 634 493 ille
656 458 842 503 tantum,
864 452 941 493 sed
965 456 1006 493 et
1040 452 1229 494 Malelas
1261 465 1321 493 ex
1357 453 1519 506 Dictye
1550 466 1596 493 se
1626 466 1701 494 eos

244 521 478 574 repetiisse
495 520 631 561 tradit
651 520 748 560 134.

303 598 355 628 X.
386 587 547 640 Neque
568 586 724 627 mirum
748 584 881 634 adeo,
912 585 957 625 in
983 584 1150 626 Nostro
1172 597 1261 625 non
1282 584 1462 639 reperiri
1484 597 1576 634 eos,
1600 597 1698 625 cum

245 654 490 708 Septimius
512 653 678 693 diserte
700 656 883 693 testetur
903 664 950 691 se
983 651 1148 704 Dictyn
1170 649 1377 691 Graecum
1409 650 1701 699 contraxisse,

244 725 287 761 et
308 721 402 775 ejus
424 720 669 774 posteriora
690 724 824 768 certe,
839 723 1027 771 quatuor
1056 718 1125 758 vel
1147 718 1359 770 quinque,
1381 717 1609 759 volumina
1629 720 1641 738 ‘
1655 717 1700 757 in

243 800 377 828 unum
417 785 671 839 redegisse.'
731 785 930 826 Priorum
963 785 1140 838 quidem
1171 786 1233 826 ait
1279 787 1351 825 ‘se
1393 784 1577 826 eundem
1611 797 1699 824 ser-

241 866 371 894 vasse
383 852 637 904 numerum‚'
658 852 740 894 sed
761 866 857 893 curn
880 852 1058 893 delectu
1079 852 1196 893 haud
1212 852 1359 901 dubie,
1375 856 1420 893 et
1435 852 1566 893 solita
1589 851 1700 892 Ver-

243 921 417 962 sionum
439 920 572 960 istius
605 919 820 973 temporis
843 920 1060 969 libertate,
1082 925 1131 961 ut
1164 919 1230 960 vel
1252 932 1309 960 ex
1331 919 1500 960 Rufino
1516 918 1700 972 Josephi

242 988 476 1040 interprete
496 991 685 1037 constat,
707 992 841 1040 atque
865 987 976 1028 adeo
997 988 1077 1038 ita,
1099 994 1148 1028 ut
1179 988 1221 1027 in
1251 987 1306 1027 iis
1339 987 1560 1040 prioribus
1591 999 1700 1039 quo-

241 1067 327 1108 que
349 1055 704 1108 praetermitteret
732 1055 954 1108 quaedam,
976 1056 1043 1095 vel
1066 1056 1226 1108 quibus
1250 1067 1402 1107 parum
1430 1055 1526 1107 ipse
1551 1053 1699 1094 delec-

241 1122 434 1170 tabatur,
457 1121 528 1161 vel
560 1135 659 1175 quae
692 1122 747 1162 ad
780 1127 1081 1174 argumentum
1113 1122 1353 1163 ornandum
1392 1121 1699 1161 autinstruen-

241 1188 344 1229 dum
372 1189 512 1228 minus
547 1190 758 1230 censebat
790 1190 1055 1231 necessaria.
1116 1190 1234 1230 Nam
1271 1188 1388 1242 quod
1426 1187 1625 1236 affirmat,
1648 1201 1696 1228 se

241 1258 334 1305 ‘ea,
356 1256 420 1296 uti
441 1260 578 1304 erant,
593 1255 751 1296 Latine
768 1256 1064 1307 disseruisse‚'
1086 1257 1131 1298 id
1154 1269 1258 1298 vero
1273 1270 1370 1297 cum
1384 1256 1427 1295 in
1449 1255 1699 1295 universum

242 1322 297 1363 de
329 1327 427 1364 toto
451 1323 626 1364 dicatur
649 1325 883 1376 opusculo,
907 1324 1033 1378 cujus
1065 1328 1206 1365 tamen
1238 1322 1456 1378 posterior
1476 1335 1578 1375 pars
1607 1335 1700 1363 cer-

241 1390 410 1431 tissime
441 1403 500 1431 ex
532 1391 732 1444 pluribus
773 1391 1077 1432 voluminibus
1108 1392 1152 1432 in
1190 1403 1325 1431 unum
1358 1395 1427 1429 est
1458 1393 1699 1438 contracta,

240 1457 566 1510 intelligendum
591 1471 691 1509 ergo
722 1458 799 1507 ita,
830 1462 879 1498 ut
912 1470 997 1497 non
1029 1462 1201 1498 tantum
1234 1456 1341 1497 nihil
1372 1468 1514 1496 rerum
1538 1455 1591 1495 de
1614 1468 1696 1496 suo

241 1525 484 1577 scripserit,
507 1531 586 1565 aut
609 1524 789 1565 aliunde
823 1524 1049 1577 adjecerit,
1081 1524 1157 1564 sed
1192 1537 1336 1577 neque
1361 1523 1595 1576 quicquam
1619 1523 1699 1562 im-

239 1592 472 1633 mutaverit
494 1592 641 1636 exiis,
664 1605 762 1644 quae
788 1591 976 1632 Graecus
998 1592 1075 1632 ille
1109 1592 1268 1645 Dictys
1300 1591 1522 1631 memoriae
1553 1589 1698 1642 prodi-

239 1659 380 1699 derat.
442 1659 569 1700 Certe
589 1660 701 1699 enim
722 1659 926 1699 omisisse
956 1672 1056 1699 eum
1080 1659 1301 1706 nonnulla,
1325 1662 1400 1698 aut
1424 1657 1601 1697 brevius
1624 1670 1698 1697 ex·

239 1726 463 1780 posuisse,
496 1727 628 1766 etiam
660 1726 704 1766 in
728 1727 966 1779 prioribus,
988 1726 1263 1767 manifestum
1287 1738 1345 1765 ex
1373 1737 1440 1773 eo,
1462 1723 1579 1777 quod
1604 1724 1697 1777 ple—

239 1806 375 1846 raque
404 1793 555 1833 eadem
576 1793 724 1846 plane,
749 1793 827 1834 sed
859 1794 1071 1834 nonnulla
1103 1794 1344 1842 concisius,
1373 1791 1603 1844 complura
1634 1796 1698 1831 ta-

238 1874 337 1902 men
366 1860 495 1910 longe
527 1861 721 1910 uberius,
742 1860 970 1911 edisserat,
992 1874 1125 1914 quam
1159 1861 1366 1907 Maleum,
1406 1860 1480 1912 qui
1504 1858 1697 1898 vicissim

238 1929 470 1981 plerasque
494 1928 715 1968 orationes
734 1927 924 1982 Dictyos
941 1928 1239 1981 praetermisit,
1261 1934 1306 1969 ut
1327 1927 1502 1968 alienos
1522 1938 1547 1966 a
1563 1925 1698 1966 Chro-

240 1995 504 2048 nographia.

299 2072 371 2102 Χι.
403 2062 534 2103 Prius
565 2062 691 2112 illud,
713 2066 761 2103 ut
791 2068 960 2117 pateat,
981 2063 1151 2117 liquido
1187 2062 1456 2104 declaratum
1489 2060 1606 2101 dabo
1640 2074 1698 2101 ex

241 2143 328 2171 uno
350 2130 541 2183 Dictyos
562 2130 680 2180 loeo,
700 2135 744 2171 et
766 2131 827 2171 ita
847 2131 978 2171 simul
1004 2131 1250 2171 Historiam
1272 2131 1368 2184 ejus
1398 2130 1499 2179 loci,
1522 2130 1697 2169 concise

240 2202 285 2239 et
303 2197 405 2239 ideo
427 2198 631 2251 ambigue
666 2198 793 2238 nimis
815 2199 1034 2248 traditam,
1057 2199 1301 2239 illustrabo.
1361 2197 1517 2237 Refert
1540 2196 1697 2250 Dictys

239 2265 314 2306 lib.
338 2276 366 2305 ι.
399 2277 499 2317 cap.
520 2265 562 2305 3.
624 2265 772 2314 Parin,
805 2279 901 2307 cum
936 2266 1116 2307 Helena
1138 2266 1389 2319 fugientem,
1424 2267 1435 2284 ‘
1456 2263 1696 2303 abstulisse

241 2325 372 2373 etiarn
408 2332 606 2372 AEtln-am
648 2337 692 2373 et
732 2332 1002 2386 Clymenam,
1033 2333 1228 2374 Menelai
1263 2330 1447 2379 aflines,’
1476 2330 1582 2385 (hoc
1614 2335 1699 2377 est,

241 2403 466 2451 cognatas,
490 2398 728 2453 συγγενίδας,
744 2405 793 2440 ut
819 2401 880 2440 ait
908 2401 1131 2449 Malelas,)
1166 2402 1178 2420 ‘
1198 2412 1298 2453 quae
1328 2399 1384 2438 ob
1407 2396 1698 2437 necessitudi-

242 2478 342 2506 nem
373 2479 470 2506 cum
495 2467 671 2508 Helena
703 2466 915 2520 agebant.‘
975 2468 1091 2509 Dein
1132 2481 1233 2520 cap.
1256 2467 1296 2505 4.
1329 2463 1473 2514 ‘Quis
1507 2463 1696 2515 cognitis

243 2533 495 2583 Menelaus,
535 2535 618 2575 etsi
657 2535 895 2575 abstractio
941 2535 1142 2588 conjugis
1183 2534 1372 2573 animum
1410 2534 1695 2584 permoverat,

240 2601 376 2641 multo
395 2601 584 2653 amplius
606 2605 752 2642 tamen
780 2603 837 2642 ob
858 2601 1060 2655 injuriam
1085 2600 1292 2648 affinium,
1315 2611 1428 2651 quas
1451 2610 1580 2650 supra
1604 2610 1695 2637 me-

240 2668 527 2717 moravimuS,
571 2668 957 2709 consternabatur?
1016 2668 1127 2709 Cum
1169 2668 1212 2708 in
1247 2665 1549 2719 superioribus
1589 2664 1697 2704 nihil

241 2734 297 2775 de
317 2735 436 2775 hisce
458 2738 470 2756 ‘
486 2735 689 2777 affinibus
705 2735 715 2752 ³
738 2740 958 2785 occurrat,
979 2737 1061 2776 nisi
1076 2734 1192 2789 quod
1211 2747 1308 2774 cum
1329 2731 1506 2772 Helena
1528 2732 1693 2772 ablatae

244 2815 423 2856 quoque
446 2803 545 2853 sint,
568 2817 756 2858 cumque
777 2804 894 2844 nullo
926 2803 1014 2845 illa:
1049 2802 1210 2844 amoris
1233 2800 1377 2842 studio
1409 2804 1486 2840 aut
1517 2799 1694 2853 impetu,
