1915 3231
254 277 337 318 202
718 284 927 316 nic‘rvos
961 282 1232 315 caurensis

253 381 465 431 hortatur,
485 381 583 435 ipse
603 379 786 430 medius,
808 384 940 434 atque
961 380 1070 421 inter
1090 391 1168 420 cos
1186 376 1417 419 excelsior.
1473 374 1588 416 Tum
1610 374 1697 428 pri-

253 460 375 489 mum
396 447 669 502 quadrijugis
690 448 816 501 equis
833 446 1068 488 Eumelusq
1091 449 1193 487 ante
1215 456 1368 485 omnes
1389 443 1528 484 victor
1547 441 1696 482 decla-

253 520 399 556 ratur:
430 515 627 567 bigarum
659 515 841 567 praemia
879 513 1124 554 Diomedes
1155 512 1329 560 meruit,
1365 509 1560 551 secundo
1591 512 1699 561 post

254 595 351 622 eum
374 581 618 623 Menelaus.
675 581 782 635 [18]
813 580 1016 621 Ceterum
1037 579 1094 621 ad
1116 578 1391 626 certandum,
1413 577 1488 630 qui
1516 575 1700 627 sagitta-

256 660 352 688 rum
383 652 475 687 arte
511 647 704 687 maxime
733 647 1047 700 praevalebant,
1083 645 1309 686 Meriones
1343 648 1475 697 atque
1508 641 1700 695 Ulysses

259 713 369 754 duos
408 725 590 753 erexere
628 712 802 762 malos,r
831 712 931 766 quis
951 713 1178 766 religatum
1207 711 1344 752 linum
1375 709 1699 755 tenuissimum,

258 785 392 832 atque
414 792 471 819 ex
493 784 740 821 transverso
760 783 1002 828 extentum,
1024 779 1253 831 utriusque
1275 777 1416 830 capiti
1436 775 1701 817 annecteba-

259 849 351 896 tur3
375 845 523 886 media
539 846 743 886 columba
758 850 910 898 sparto
926 849 941 866 ²
963 845 1257 898 dependebat,
1278 844 1375 898 ejus
1397 840 1701 893 contingendae

259 917 479 952 certamen
512 912 769 952 maximum.
827 912 942 952 Tum
963 911 1143 965 reliquis
1163 911 1384 951 incassum
1406 908 1703 957 tendentibus,

261 977 450 1031 Ulysses
471 991 570 1019 cum
593 977 790 1018 Merione
807 977 1092 1017 destinatum³
1117 976 1367 1017 confixere.s
1399 975 1578 1025 Quibus
1600 986 1702 1015 cum

260 1059 284 1085 a
306 1045 487 1097 reliquis
507 1045 632 1085 favor
652 1043 941 1093 attolleretur,
963 1043 1230 1092 Philocteta,
1251 1055 1336 1082 non
1369 1041 1618 1083 columbam
1640 1053 1704 1088 se,

261 1124 409 1152 verum
430 1111 474 1151 id
495 1124 582 1165 quo
603 1111 784 1164 religata
814 1115 949 1160 esset,
983 1110 1141 1162 sagitta
1170 1109 1426 1150 excisurum
1457 1107 1704 1161 promittit:

262 1178 578 1218 admirantibus
609 1177 764 1219 deinde
787 1176 1087 1218 difficultatem
1118 1177 1306 1228 regibus,
1336 1174 1467 1215 fidem
1499 1173 1706 1227 promissi

260 1257 346 1284 non
367 1244 537 1285 felicius
554 1258 683 1298 quam
698 1245 903 1285 solertius
920 1244 1221 1285 confirmavit:
1243 1243 1307 1283 ita
1323 1242 1496 1295 dirupto
1513 1239 1706 1288 vinculo,

261 1311 467 1351 columba
490 1324 588 1352 cum
609 1312 804 1352 maxima
827 1312 982 1364 populi
1002 1310 1320 1352 acclamatione
1343 1307 1522 1349 decidit.
1584 1307 1707 1347 Prae-

265 1377 354 1417 mia
375 1378 622 1418 certaminis
642 1377 740 1431 ejus
764 1378 987 1418 Meriones
1009 1380 1142 1430 atque
1160 1376 1352 1430 Ulysses
1375 1375 1525 1416 tulere.
1556 1372 1710 1414 Achil-

262 1443 326 1483 les
376 1443 541 1497 duplici
590 1449 717 1485 extra
766 1444 958 1485 ordinem
1005 1456 1182 1484 munere
1228 1443 1521 1483 Philoctetam
1559 1441 1711 1482 donat.

265 1509 373 1562 [ia]
404 1511 543 1551 Cursu
566 1511 697 1564 longo
713 1512 1000 1562 certantibus,
1017 1512 1132 1552 Oilei
1154 1510 1275 1565 Ajax
1288 1510 1428 1551 victor
1443 1508 1687 1561 excipitur;
1700 1507 1712 1528 ²

866 1618 1102 1631 eeeeeeeeeeee

268 1691 395 1722 omittit
414 1701 512 1723 voces
527 1691 647 1730 sortior
662 1703 753 1733 quam
768 1693 909 1732 felicior,
926 1704 1006 1734 quas
1026 1694 1175 1726 restituit
1201 1694 1367 1726 Obrecht.
1393 1703 1435 1724 ex
1458 1692 1553 1724 Med.
1580 1690 1709 1723 Cod.—

266 1737 285 1764 2
299 1734 421 1775 Delpli.
436 1739 472 1765 et
485 1734 566 1775 Arg.
584 1736 666 1766 Cod.
680 1739 844 1775 parta—3
859 1737 1018 1777 Vinding.
1033 1737 1212 1778 legendum
1231 1738 1301 1768 vult
1317 1736 1515 1775 destinatam,
1528 1735 1712 1766 semotum-

918 1843 1058 1874 NOTAE

311 1909 325 1929 ‘³
345 1904 550 1943 Quudrijugis
562 1905 645 1944 equis
658 1906 816 1940 Eumelus,
829 1906 898 1946 8)·ε.]
917 1906 965 1936 At

269 1962 311 1983 ex
349 1953 497 1984 Homero
527 1953 648 1985 falsum
683 1960 749 1994 est,
788 1956 964 1986 Eumeluin

269 2001 490 2043 quadrijugos
507 2004 668 2042 agitasse,
684 2004 886 2034 Diomedem
909 2014 965 2034 ve-

270 2061 306 2082 ro
319 2052 433 2092 bigos:
450 2061 526 2082 nam
540 2052 625 2091 bigis
637 2062 750 2083 omues
762 2053 967 2084 insidebant.

270 2102 377 2132 Erant
394 2106 506 2132 autem
522 2102 678 2142 quinque,
692 2103 868 2142 Eumelus,
885 2104 966 2134 Dio-

269 2151 598 2190 medes,Menelaus‚
614 2151 827 2192 Antilochus,
842 2157 876 2183 et
893 2153 966 2183 Me-

269 2202 394 2232 riones.
439 2201 533 2232 Vicit
562 2201 754 2240 Diomedes,
785 2206 861 2242 post
890 2211 966 2232 eum

271 2250 483 2289 Antilochus,
513 2250 637 2281 tertius
668 2251 858 2292 Menelaus,
889 2256 967 2291 post

271 2309 347 2329 euin
365 2298 560 2337 Meriones3
584 2300 730 2330 omnium
748 2300 885 2331 ultimus
902 2301 967 2331 Eu-

272 2349 391 2385 melus,
408 2349 466 2389 qui
479 2353 591 2380 tamen
606 2353 640 2380 et
656 2351 779 2389 primas
794 2350 970 2391 tenuisset,

271 2397 333 2428 nisi
352 2398 510 2428 Minerva
524 2398 554 2428 ei
567 2398 688 2438 jugum
706 2398 876 2440 fregisset.

314 2452 325 2467 r
345 2447 501 2478 Meriones
513 2451 605 2487 atque
623 2449 834 2490 Ulyssesduos
845 2459 969 2481 erexere

272 2497 380 2536 malos]
417 2496 544 2527 Scribit
581 2496 766 2538 Homerus,
802 2498 969 2530 Achillem

273 2546 396 2577 malum
414 2546 446 2576 in
462 2555 565 2577 arena
582 2547 756 2587 statuisse,
771 2548 827 2579 cui
844 2549 968 2580 colum-

272 2595 347 2625 bam
361 2594 439 2626 fune
457 2596 589 2636 ligavit,
605 2606 703 2637 quam
721 2598 970 2637 jacularentur,

274 2652 311 2677 ut
325 2647 381 2687 qui
394 2656 467 2676 eam
481 2651 676 2686 percuteret
689 2649 810 2687 victor,
820 2650 877 2690 qui
892 2659 970 2680 vero

274 2694 461 2725 funiculum
478 2700 646 2734 tangeret,
663 2697 689 2727 is
705 2697 845 2729 inferior
868 2698 969 2729 liabe-

276 2750 379 2775 retur.
402 2746 556 2776 Surrexit
568 2746 713 2786 Teucer,
728 2749 876 2779 surrexit
889 2750 970 2780 item

278 2795 457 2825 Meriones,
501 2796 631 2827 'Peucer
656 2797 783 2838 primus
812 2808 852 2829 ex
879 2805 971 2829 sorte

1018 1907 1177 1947 sagittam
1195 1907 1341 1945 niisit,et
1357 1905 1470 1937 funem
1485 1904 1714 1946 attigitjuxta

1019 1957 1140 1997 pedem
1158 1967 1224 1998 quo
1240 1957 1310 1987 avis
1326 1956 1550 1996 alligabatur;
1573 1964 1646 1995 quae
1664 1954 1714 1985 sic

1019 2007 1127 2038 libera
1143 2007 1235 2037 facta
1251 2008 1284 2037 in
1300 2016 1396 2037 auras
1414 2015 1450 2036 se
1475 2004 1623 2036 sustulit.
1667 2003 1716 2034 At

1020 2066 1092 2086 eam
1116 2056 1286 2097 Meriones
1302 2055 1363 2086 sub
1379 2054 1526 2086 nubibus
1542 2055 1716 2085 volantem

1021 2105 1227 2144 speculatus,
1249 2109 1407 2135 contorta
1427 2103 1486 2135 sub
1502 2104 1556 2135 ala
1571 2103 1716 2134 mediam

1021 2153 1111 2193 ferit,
1137 2163 1245 2194 eaque
1270 2163 1384 2184 rursus
1404 2154 1492 2184 malo
1508 2153 1716 2194 aliquantum

1021 2203 1195 2242 insistens,
1219 2203 1355 2233 tandem
1383 2203 1502 2234 collum
1530 2202 1718 2243 suspendit.

1022 2261 1151 2292 pennas
1168 2252 1300 2292 pandit,
1314 2257 1350 2283 et
1367 2252 1409 2282 ab
1426 2261 1466 2283 eo
1483 2252 1626 2284 decidit.
1672 2253 1717 2283 Et

1022 2311 1063 2332 ex
1082 2302 1120 2332 iis
1135 2303 1216 2332 satis
1228 2301 1345 2332 videre
1359 2306 1425 2340 est,
1437 2311 1502 2342 quo
1515 2301 1625 2332 studio
1638 2311 1718 2332 auc-

1023 2355 1076 2382 tor
1104 2356 1220 2381 noster
1247 2360 1287 2381 ea
1314 2350 1548 2390 dissimulavit,
1571 2360 1647 2391 quae
1675 2351 1718 2382 ab

1023 2400 1173 2431 Homero
1184 2404 1377 2440 acceperat.

1066 2454 1077 2470 ⁵
1099 2450 1300 2481 Destinatum
1313 2448 1483 2490 corfixere]
1507 2449 1612 2489 Lego,
1626 2449 1721 2480 ‘des-

1025 2499 1166 2531 tinatam
1184 2497 1378 2529 confixere.'
1422 2498 1555 2538 Nempe
1570 2499 1580 2515 ‘
1593 2499 1720 2529 coluni-

1024 2549 1101 2580 bam
1113 2548 1121 2561 '
1145 2547 1268 2588 alioqui
1284 2547 1326 2578 de
1341 2547 1409 2577 lino
1425 2547 1568 2587 intelligi
1591 2553 1718 2588 posset,

1024 2599 1113 2640 quod
1139 2597 1258 2629 falsum
1284 2601 1358 2628 est:
1382 2597 1415 2628 id
1441 2597 1620 2638 sequentia
1642 2607 1721 2638 pro-

1025 2650 1118 2681 bant.

1066 2700 1075 2718 ¹
1103 2698 1184 2729 Oilei
1208 2697 1297 2737 Ajax
1322 2696 1422 2727 victor
1446 2695 1618 2736 excipitur]
1653 2696 1720 2728 Ille

1024 2748 1160 2789 quidem
1178 2747 1333 2786 Ulyssem
1356 2750 1392 2776 et
1413 2744 1646 2786 Antilochum,
1669 2756 1720 2777 se-

1025 2807 1099 2829 cum
1114 2801 1303 2835 currentes,
1314 2795 1550 2836 praecedebat;
1568 2795 1626 2827 sed
1643 2805 1719 2827 cum
