1915 3231
205 302 291 345 296
700 312 916 344 DARE'rls
949 312 1159 343 PHRYGH

205 407 331 447 Dicit
349 405 509 448 Jasoni
535 404 715 448 Colchis
746 407 904 461 pellem
935 407 1086 449 arietis
1114 408 1363 450 inauratam
1393 414 1527 460 esse,e
1559 409 1653 464 dig-

205 487 309 515 nam
328 473 424 529 ejus
444 473 618 524 virtute,
634 479 684 515 ut
703 488 798 516 eam
819 475 920 516 inde
941 475 1142 526 auferret,
1156 476 1301 517 omnia
1321 489 1369 517 se
1389 476 1431 517 ei
1453 476 1653 518 daturum

206 541 455 594 pollicetur.
513 542 543 583 J
548 555 659 583 ason
679 543 756 583 ubi
775 541 960 592 audivit,
988 546 1038 583 ut
1074 547 1168 583 erat
1196 542 1320 583 fortis
1342 543 1489 593 animi,
1509 547 1554 584 et
1576 543 1654 597 qui

205 609 308 650 loca
328 608 476 650 omnia
494 621 627 650 nosse
651 610 851 660 volebat,
876 614 1010 664 atque
1032 610 1259 652 clariorem
1288 623 1336 651 se
1364 609 1555 652 futurum
1576 624 1655 652 ex-

205 675 447 726 istimabat,
481 676 520 717 si
551 676 715 730 pellem
747 677 995 718 inauratam
1026 677 1209 718 Colchis
1244 677 1516 728 abstulisset,
1547 677 1656 719 dicit

206 742 346 783 Peliae
376 744 466 795 regi
487 755 537 783 se
559 743 675 784 velle
697 756 750 783 eo
771 744 848 792 ire,
880 744 918 784 si
948 744 1066 785 vires
1098 745 1297 798 sociique
1324 757 1411 786 non
1432 744 1654 786 deessent.

206 808 359 850 Pelias
377 822 453 850 rex
474 808 641 862 Argum
664 810 948 852 architectum
969 811 1118 852 vocari
1133 809 1303 865 jussit,f
1328 815 1370 853 et
1400 811 1443 852 ei
1470 811 1657 865 imperat

206 879 256 917 ut
285 889 440 917 navem
471 874 713 917 aedificaret
746 890 877 930 quam
911 877 1260 930 pulcherrimam,
1291 878 1349 919 ad
1380 878 1654 920 voluntatem

204 942 235 984 J
239 944 405 984 asonis.
463 943 552 984 Per
572 947 707 984 totam
732 943 953 986 Graeciam
974 957 1119 986 rumor
1139 946 1345 994 cucurrit,
1364 958 1521 986 navem
1544 945 1651 986 aedi-

205 1009 343 1060 ficari,
366 1010 409 1051 in
430 1023 521 1064 qua
542 1010 738 1052 Colchos
759 1015 830 1052 eat
849 1011 878 1053 J
882 1024 1006 1062 ason,
1037 1013 1198 1066 pellem
1229 1024 1408 1054 auream
1427 1013 1656 1066 petiturus.

865 1164 1004 1197 NOTAE

207 1263 348 1301 gatque‚
372 1259 509 1301 ecquid,
533 1259 660 1292 habens
687 1264 907 1301 potestatem,

207 1311 361 1342 facturus
384 1315 475 1342 esset
497 1310 541 1351 ei,
563 1321 583 1342 a
606 1320 672 1352 quo
688 1311 754 1342 sibi
775 1320 817 1341 ex
833 1320 906 1342 ora—

206 1361 284 1392 culo
308 1360 511 1401 praedictum
541 1359 644 1392 fuerit
668 1366 809 1392 mortem
834 1361 908 1392 illa-

207 1416 280 1443 tum
304 1411 370 1442 iri?
406 1411 461 1442 cui
486 1410 604 1446 Jason,
627 1412 763 1452 pellem,
785 1411 908 1452 inquit,

207 1461 343 1493 velleris
359 1461 451 1492 aurei
469 1465 504 1492 ut
527 1459 678 1500 afferret,
692 1461 907 1501 imperarem.

208 1510 308 1544 Quod
326 1511 384 1542 ubi
404 1510 533 1542 audivit
553 1510 670 1541 Pelias
688 1510 795 1550 ipsum
810 1510 908 1543 Jaso-

206 1570 285 1592 nem
294 1560 337 1592 ad
353 1570 427 1592 eam
442 1561 565 1601 pellem
581 1560 631 1592 ire
648 1561 762 1592 statim
780 1570 908 1601 praece-

207 1611 272 1652 pit,
288 1613 354 1643 &c.

251 1665 266 1681 e
290 1659 412 1691 Colchis
423 1660 534 1700 pellem
547 1660 657 1691 arietis
669 1659 846 1691 inauratam
859 1670 906 1691 es-

206 1709 257 1750 se]
289 1710 374 1742 Quae
391 1710 525 1741 Colchis
549 1719 710 1751 suspensa
735 1720 753 1742 e
778 1720 905 1751 quercu

208 1759 243 1790 in
270 1759 392 1790 Martis
418 1759 493 1790 luco
515 1759 698 1799 visebatur,
714 1770 753 1790 ac
781 1761 842 1792 sub
859 1761 905 1792 in-

208 1810 334 1841 somnis
360 1809 516 1840 draconis
539 1810 694 1841 custodia
710 1811 905 1842 asservaba-

209 1863 278 1890 tur.
325 1858 408 1889 Eam
437 1863 550 1889 antem
577 1859 691 1889 arietis
721 1859 824 1898 illius,
851 1860 907 1900 qui

208 1907 374 1939 Phrixum
404 1917 466 1948 per
504 1908 766 1949 Hellespontum
800 1911 906 1946 vexit,

209 1957 334 1998 pellem
350 1956 457 1988 fuisse
474 1956 617 1988 fabulati
632 1963 722 1997 sunt,
745 1960 841 2000 cujus
861 1961 907 1991 la-

209 2017 254 2039 na
265 2017 380 2046 aurea,
394 2007 459 2047 vel,
469 2011 505 2038 ut
518 2007 574 2038 alii
587 2008 713 2044 volunt,
723 2018 907 2049 purpurea.

209 2057 279 2088 Alii
296 2056 450 2096 tradunt,
470 2057 592 2098 pellem
612 2057 701 2088 illam
719 2058 840 2089 librum
859 2058 909 2090 fu-

210 2107 276 2138 isse
293 2107 441 2148 pellibus
462 2106 674 2147 inscriptum,
702 2117 766 2147 quo
788 2109 910 2149 lapidis

208 2157 440 2197 Philosophici
448 2155 649 2189 conficiendi
660 2158 746 2188 ratio
756 2159 911 2190 contine-

209 2208 322 2240 batur.
367 2208 423 2239 Ita
441 2208 598 2240 Eustath.
613 2208 646 2239 in
662 2209 808 2250 Dionys.
822 2210 911 2241 Geo-

210 2259 387 2299 graphum.
431 2257 502 2289 Alii
529 2258 636 2299 aiunt,
660 2259 740 2291 inde
762 2260 824 2290 hoc
848 2260 908 2301 fig-

209 2313 362 2339 mentum
380 2309 609 2350 natum,quod
626 2309 659 2339 in
674 2309 836 2342 Colchide
846 2309 908 2341 flu-

210 2359 257 2389 vii
280 2358 416 2399 quidam
443 2367 561 2389 aurum
587 2358 726 2398 vehunt,
751 2360 792 2391 ad
817 2360 908 2401 quod

210 2408 447 2449 recipiendum
476 2408 595 2439 incolae
633 2409 775 2440 alveolis
808 2414 908 2441 utun·

210 2463 267 2489 tur
296 2458 476 2498 perforatis
505 2464 541 2490 et
567 2459 747 2490 velleribus
770 2459 907 2492 lanosis.

211 2508 268 2540 Ita
284 2509 417 2547 Strabo,
442 2509 464 2540 l.
484 2517 536 2540 xl.
553 2513 589 2540 et
606 2508 794 2550 Appianus.
843 2509 910 2541 Alii

212 2563 354 2599 propter
380 2558 452 2589 auri
475 2559 615 2589 metalla
639 2569 715 2599 quae
732 2559 779 2590 ibi
806 2560 909 2600 pluri·

211 2618 286 2647 rna;
311 2608 365 2639 alii
379 2608 525 2649 denique
535 2608 579 2638 ob
593 2609 825 2649 praestantiam
841 2609 911 2640 vel-

210 2659 319 2689 lerum
349 2659 422 2699 ejus
459 2658 620 2698 regionis.
665 2659 766 2690 Unde
802 2660 911 2690 Varro

211 2709 320 2741 lib.11.
337 2710 379 2741 de
392 2719 428 2740 re
445 2709 586 2740 Rustica
599 2719 675 2750 cap.
688 2712 719 2742 1.
742 2711 752 2728 ‘
767 2711 911 2742 Veteres

213 2761 324 2803 poetae
341 2762 432 2803 ipsas
457 2761 604 2802 pecudes
626 2766 766 2803 propter
787 2762 911 2794 carita-

213 2818 283 2842 tem
309 2820 425 2843 aureas
448 2811 605 2843 habuisse
632 2812 737 2852 pelles
764 2811 911 2843 tradide-

213 2865 303 2901 runt,
338 2865 376 2893 ut
408 2860 510 2903 Argis
544 2860 683 2901 Atreus,
712 2870 811 2902 quam
847 2861 910 2894 sibi

960 1259 1145 1301 Thyestem
1176 1259 1330 1291 subduxe
1362 1259 1528 1301 queritur,
1559 1263 1596 1291 ut
1622 1259 1657 1291 in

962 1310 1125 1342 Colchide
1165 1311 1279 1351 AEeta,
1318 1310 1360 1341 ad
1405 1310 1502 1351 cujus
1539 1310 1656 1342 arietis

962 1360 1086 1400 pellem
1111 1359 1256 1401 profecti
1279 1360 1372 1401 regio
1397 1369 1520 1399 genere
1543 1359 1659 1391 dicun-

963 1413 1019 1440 tur
1037 1410 1264 1451 Argonautae.'
1308 1410 1421 1442 Aliter
1435 1409 1538 1441 etiam
1550 1409 1660 1441 Palae-

964 1460 1099 1501 phatus,
1116 1461 1151 1492 in
1167 1460 1309 1499 Phrixo,
1324 1470 1424 1501 quein
1440 1460 1529 1492 vide.

1005 1509 1016 1530 f
1035 1512 1158 1550 Argum
1188 1511 1392 1542 architectum
1419 1511 1522 1542 vocari
1543 1509 1660 1551 jussit]

961 1561 1049 1594 Quia
1064 1561 1157 1592 navis
1173 1561 1357 1592 vocabatur
1371 1559 1476 1601 Argo,
1492 1559 1534 1591 ab
1551 1559 1661 1591 archi-

962 1614 1066 1649 tecto,
1086 1610 1143 1651 qui
1170 1610 1280 1651 Argus
1307 1615 1502 1652 vocaretur,
1530 1609 1660 1641 factam

960 1660 1208 1691 existimarunt.
1274 1660 1339 1691 Sed
1378 1660 1505 1700 optime
1542 1659 1661 1691 docuit

961 1710 1260 1750 praestantissimus
1294 1710 1497 1749 Bocliartus,
1525 1709 1661 1741 Pboeni-

960 1769 1017 1791 ces
1034 1760 1160 1791 dixisse
1175 1761 1184 1778 ‘
1200 1759 1299 1791 arca'
1316 1760 1371 1791 vel
1387 1760 1396 1777 ‘
1411 1759 1513 1795 arco‚'
1533 1765 1570 1790 ut
1585 1759 1661 1801 Syri

960 1808 1119 1845 efferunt,
1137 1819 1238 1841 naves
1259 1809 1492 1849 longitudinis,
1517 1809 1586 1839 sive
1603 1819 1661 1840 na-

961 1870 1019 1890 ves
1046 1861 1177 1900 longas.
1222 1859 1338 1900 Atque
1365 1859 1443 1890 inde
1458 1858 1597 1896 factum,
1621 1859 1660 1890 li-

960 1913 1035 1941 tera
1058 1910 1085 1941 C
1113 1910 1146 1940 in
1172 1910 1204 1941 G
1220 1914 1364 1948 mutata,
1385 1915 1424 1940 ut
1446 1910 1541 1940 navis
1564 1910 1660 1950 Argo

961 1961 1204 2000 appellaretur,
1234 1970 1310 2000 quae
1341 1960 1449 2000 prima
1478 1959 1542 1991 fuit
1564 1961 1661 1991 navis

962 2011 1065 2050 longa
1095 2010 1184 2050 apud
1216 2010 1368 2041 Graecos.
1413 2010 1527 2041 Graeci
1558 2009 1661 2048 enim,

963 2070 1070 2102 usque
1083 2060 1124 2091 ad
1140 2060 1299 2092 Jasonem
1315 2065 1350 2091 et
1365 2059 1595 2100 Argonautas,
1610 2069 1663 2091 so-

963 2111 1030 2141 lum
1042 2110 1196 2141 rotundis
1205 2110 1345 2141 navibus
1355 2110 1552 2141 utebantur.
1570 2109 1662 2140 Hinc

963 2161 1054 2192 Plin.
1070 2169 1135 2192 vrr.
1151 2163 1205 2191 56.
1237 2161 1246 2177 ‘
1260 2161 1374 2201 Longa
1390 2169 1476 2190 nave
1498 2160 1661 2192 Jasonem

965 2210 1109 2250 primum
1154 2209 1330 2250 navigasse
1378 2210 1662 2250 Philostephanus

961 2264 1082 2290 auctor
1105 2257 1180 2289 est.’
1225 2259 1271 2289 Et
1294 2258 1465 2299 Apollonii
1494 2258 1663 2289 Scholias-

963 2313 1027 2347 tes,
1043 2319 1065 2340 ι.
1088 2308 1131 2339 de
1148 2307 1241 2349 Argo
1260 2308 1372 2347 Nave,
1393 2307 1510 2345 ταύτην
1531 2307 1566 2339 δέ
1585 2314 1664 2349 φασι

961 2359 1085 2400 πρώτην
1100 2359 1173 2389 ναῦν
1195 2358 1341 2398 γενέσθαι
1361 2358 1492 2399 μακράν.
1535 2360 1544 2376 ‘
1561 2359 1662 2392 Hane

962 2411 1099 2450 longam
1126 2418 1244 2440 navem
1273 2409 1414 2449 primam
1441 2408 1547 2440 fuisse
1574 2408 1662 2441 refe-

962 2459 1064 2491 runt.'
1085 2458 1180 2490 Idem
1197 2459 1363 2489 Herodot.
1380 2468 1403 2489 1.
1421 2458 1530 2491 initio.
1554 2459 1662 2492 Quin-

961 2509 1122 2551 quaginta
1143 2518 1308 2540 remorum
1333 2508 1435 2539 fuisse
1459 2508 1541 2540 dicit
1557 2507 1663 2549 Apol-

962 2558 1069 2590 lodor.
1113 2558 1169 2589 Ita
1192 2562 1230 2589 nt
1253 2557 1370 2598 viginti
1396 2557 1544 2599 quinque
1562 2559 1661 2589 remi-

965 2620 1024 2651 ges
1049 2609 1091 2641 ab
1119 2619 1186 2640 una
1210 2618 1342 2650 quaque
1371 2614 1468 2649 parte
1495 2609 1660 2641 habuerit.

963 2659 1063 2691 Unde
1079 2660 1246 2700 sequitur,
1258 2659 1393 2698 longam
1410 2657 1513 2690 fuisse
1529 2658 1663 2691 cubito-

964 2720 1037 2741 rum
1067 2709 1108 2740 ad
1140 2708 1313 2739 minimum
1343 2707 1602 2748 quinquaginta,
1633 2708 1662 2739 si

965 2761 1096 2800 singula
1112 2757 1339 2790 interscalmia
1354 2756 1482 2789 fuerint
1494 2758 1663 2797 διπηχυαῖα

964 2811 1104 2843 duorum
1127 2809 1330 2845 cubitorum,
1346 2813 1448 2851 prout
1464 2808 1585 2841 definit
1600 2809 1660 2841 Vi-

965 2862 1104 2901 truvius,
1117 2860 1175 2892 lib.
1191 2868 1217 2891 1.
1235 2862 1266 2892 2.
