1915 3231
210 308 295 350 280
678 318 889 350 nicTYos
923 318 1197 350 CRETENsis

211 412 354 454 refert.
416 412 487 454 Ob
519 426 618 467 quae
644 412 812 466 junctis
843 414 913 455 his
948 414 993 454 in
1013 412 1232 462 venando,
1265 412 1342 452 ubi
1373 424 1572 453 seorsum
1603 414 1660 454 ab

212 480 372 521 ceteris
395 479 702 534 Menalippum
722 480 858 530 videt,
892 493 1077 533 eumque
1107 484 1151 521 et
1182 480 1320 533 paulo
1352 483 1452 533 post
1483 479 1660 521 fratrem

211 546 307 600 ejus
327 547 567 596 insecutus,
586 546 786 587 interficit
803 560 813 588 ε
845 547 902 588 ad
917 551 937 576 4
955 559 1138 600 quorum
1164 547 1486 599 inquisitionem
1506 559 1662 587 servus

213 612 392 666 quidam
406 613 592 667 Cinyras
607 613 796 662 nomine,
812 625 1021 667 perquam
1037 611 1169 661 fidus,
1186 612 1428 665 profectus,
1441 613 1486 653 in
1506 625 1663 653 manus

207 679 388 732 juvenis
410 679 599 729 devenit,
620 680 1061 733 comprehensusque,
1081 678 1299 720 Acastum
1322 679 1454 719 affore
1474 679 1663 728 nuntiat,

215 749 349 799 atque
386 745 451 786 ita
490 746 721 786 occiditur.
803 746 880 796 [9.]
930 746 1089 799 Itaque
1130 746 1456 799 Neoptolemus
1495 749 1665 787 mutata

214 812 410 866 Phrygia
428 811 588 862 veste,b
609 817 821 865 tanquam
850 812 967 853 filius
1000 813 1167 853 Priami
1197 812 1433 862 Mestor,5c
1465 812 1543 865 qui
1562 824 1666 865 cap-

214 879 333 919 tivus
354 892 453 919 cum
481 878 651 933 Pyrrho
681 879 737 920 ad
770 893 825 920 ea
855 880 956 920 loca
987 880 1287 932 navigaverat,
1309 879 1479 920 Acasto
1507 879 1666 920 obvius

215 946 354 996 venit,
395 946 525 998 eique
562 945 742 998 quinam
782 950 901 987 esset
936 947 1118 991 indicat,
1160 951 1205 987 et
1244 945 1584 999 Neoptolemum
1622 946 1667 986 in

216 1012 433 1064 spelunca
464 1011 695 1064 fatigatum
728 1012 906 1064 navigio
938 1010 1213 1065 somnoqued
1237 1012 1400 1066 jacere.
1460 1012 1531 1052 Ob
1563 1024 1665 1065 quae

216 1078 377 1118 anxius
399 1077 612 1127 Acastus,
645 1079 890 1131 opprimere
923 1091 1057 1132 quam
1087 1079 1435 1120 inimicissimum
1469 1079 1668 1131 cupiens,

217 1143 272 1183 ad
293 1144 553 1196 speluncam
580 1145 738 1196 pergit,
770 1149 901 1197 atque
928 1146 975 1186 in
1005 1146 1106 1198 ipso
1137 1145 1260 1187 aditu
1293 1159 1321 1187 a
1338 1145 1544 1194 Thetide,
1567 1157 1668 1197 quae

217 1210 274 1250 ad
297 1223 350 1251 ea
370 1211 474 1251 loca
491 1210 754 1263 inquisitum
777 1211 912 1252 Pelea
928 1215 1118 1262 venerat,
1149 1225 1194 1252 re
1218 1211 1394 1264 cognita
1410 1211 1670 1264 reprimitur.

217 1276 353 1326 Dein,
373 1278 548 1318 cunctis
566 1290 667 1331 quae
690 1277 923 1318 adversum
944 1278 1122 1319 domum
1143 1278 1334 1319 Achillis
1351 1278 1496 1331 inique
1521 1282 1566 1318 et
1593 1276 1671 1317 ad-

218 1356 393 1384 versum
414 1344 484 1384 fas
516 1349 714 1396 gesserat
743 1345 1025 1394 enumeratis,
1055 1344 1380 1398 increpitum,⁶e
1413 1344 1471 1385 ad
1500 1347 1671 1398 postre-

218 1422 337 1450 mum
358 1410 599 1452 intercessu
621 1423 717 1460 suo,
748 1410 953 1451 manibus
977 1411 1153 1465 juvenis
1181 1411 1365 1452 liberat:
1397 1409 1671 1464 persuadens

219 1477 387 1530 nepoti,
403 1480 478 1518 ut⁷
499 1490 552 1517 ne
574 1476 787 1529 sanguine
807 1476 991 1517 ulterius
1007 1477 1135 1517 ulcisi
1157 1481 1338 1530 cuperet
1357 1489 1411 1517 ea
1432 1489 1532 1530 quae
1553 1481 1672 1517 ante-

220 1548 458 1585 cesserant.
519 1544 679 1598 Itaque
702 1542 913 1592 Acastus,
935 1544 1009 1584 ubi
1036 1556 1082 1584 se
1102 1549 1261 1597 praeter
1283 1557 1410 1596 spem
1440 1544 1672 1584 liberatum

222 1611 539 1661 animadvertit,
575 1615 734 1664 sponte
770 1614 816 1651 et
846 1610 969 1651 illico
1002 1615 1163 1651 cuncta
1191 1607 1341 1663 regnis
1374 1609 1674 1664 Neoptolemo

220 1678 370 1718 tradit.
429 1677 540 1718 Inde
563 1677 758 1730 juvenis,
779 1690 879 1717 cum
899 1676 1011 1718 avo8
1033 1677 1306 1730 reliquisque
1326 1676 1402 1730 qui
1427 1689 1576 1717 secum
1596 1689 1674 1717 na-

221 1746 489 1797 vigaverant,
510 1757 723 1785 summam
746 1744 867 1796 regni
882 1742 1084 1796 adeptus,
1099 1743 1143 1784 in
1164 1744 1391 1785 civitatem
1407 1743 1542 1785 venit.
1601 1743 1675 1784 Ibi

225 1824 251 1852 a
273 1811 438 1852 cunctis
459 1811 765 1865 popularibus,
798 1811 960 1864 quique
987 1809 1124 1863 juxta
1152 1810 1451 1851 inhabitantes
1484 1810 1566 1850 sub
1595 1811 1677 1851 im-

837 1949 1077 1963 eooeeuueoo

268 2018 288 2045 4
310 2015 437 2054 Delph.
457 2016 565 2045 ivn—5
590 2015 716 2054 Delph.
741 2019 776 2045 et
794 2016 885 2055 vulg.
906 2016 1098 2047 Nestora—6
1120 2015 1243 2056 Delph.
1260 2015 1292 2046 in
1310 2018 1473 2047 contextu
1488 2016 1678 2056 increpatus·

225 2067 299 2098 que:
322 2057 382 2089 sed
400 2067 430 2088 v.
447 2061 518 2088 not.
535 2055 658 2088 infe—7
682 2057 876 2089 Delendam
894 2057 1058 2099 Vinding.
1083 2062 1182 2099 putat
1204 2058 1360 2089 voculam
1383 2060 1496 2090 ut.-8
1519 2059 1604 2090 Post
1619 2068 1677 2090 avo

880 2195 1023 2228 NOTAE

270 2290 285 2310 b
309 2289 437 2320 Mutata
447 2288 590 2330 Phrygia
597 2290 695 2331 veste]
712 2288 753 2320 Id
765 2294 831 2330 est,
841 2299 928 2321 sum—

231 2346 266 2372 ta
292 2339 443 2380 Phrygia
469 2345 586 2379 veste3
624 2340 829 2371 Locrensem
853 2350 929 2371 cum

231 2389 382 2430 Phrygia
399 2389 555 2420 mutavit.

274 2444 287 2459 ⁰
324 2438 427 2469 Filius
462 2437 587 2468 Priami
622 2437 746 2469 BIestor
781 2437 932 2478 [Nestor]

233 2489 372 2521 Nullum
400 2488 539 2519 Priamo
564 2486 667 2518 fuisse
696 2487 803 2519 filium
834 2492 931 2529 puto,

235 2538 390 2570 Nestoris
407 2537 552 2569 nomine.
586 2537 751 2569 Libenter
767 2538 931 2569 rescribe-

234 2597 319 2625 rem,
340 2588 474 2618 Mestor.
519 2587 705 2618 Mestorem
731 2588 819 2618 enim
842 2588 933 2619 inter

234 2637 362 2668 Priami
377 2636 461 2667 filios
475 2641 655 2667 numerant
671 2641 817 2669 veteres.

277 2687 291 2708 ‘¹
317 2687 501 2726 Fatigatwn
522 2687 649 2726 navigio
670 2687 848 2727 somnoque]
880 2688 933 2718 Ex

241 2737 364 2767 Horat.
396 2738 404 2753 ‘
420 2735 513 2767 Ludo
530 2736 781 2777 fatigatumque
797 2736 936 2768 somno?

240 2786 308 2818 Qui
336 2787 427 2816 locus
447 2785 569 2816 multos
590 2785 795 2825 interpretes
815 2785 935 2824 torsit3

241 2835 296 2873 qui
313 2844 379 2866 non
395 2834 563 2875 viderunt,
577 2834 631 2866 hic
653 2836 661 2851 ‘
676 2843 825 2865 somnum
838 2834 847 2847 ’
864 2843 937 2866 esse

982 2290 1091 2330 ipsum
1116 2288 1319 2319 desiderium
1344 2289 1546 2326 dormiendi.
1570 2290 1681 2322 l'envie

982 2341 1020 2370 de
1034 2339 1162 2370 dormir.
1185 2339 1262 2371 Quo
1278 2347 1377 2368 sensu
1391 2348 1450 2369 nos
1466 2339 1569 2370 etiam
1586 2349 1682 2370 usur-

983 2386 1573 2428 pamusnostrumsommeil:dicimus
1582 2389 1684 2429 enim,

983 2436 1104 2468 αοοαὺὶέ
1118 2437 1155 2467 de
1169 2436 1319 2466 sommez'l.

1027 2491 1041 2507 *²-
1064 2485 1272 2526 Increpitum]
1309 2485 1414 2525 Lego,
1431 2484 1681 2526 ‘increpatum-

985 2546 1050 2578 que
1066 2536 1096 2575 ς’
1133 2535 1176 2566 de
1215 2534 1361 2566 Thetide
1397 2534 1484 2565 enim
1523 2535 1683 2576 loquitur,

987 2596 1061 2626 quae
1082 2585 1289 2616 enumeratis
1311 2584 1455 2623 cunctis,
1471 2594 1545 2625 quae
1564 2585 1686 2616 adver·

987 2645 1059 2666 sum
1082 2634 1216 2665 domum
1235 2633 1375 2664 Achillis
1397 2632 1512 2673 inique
1529 2640 1685 2674 gesserat

986 2684 1148 2723 Acastus,
1163 2683 1376 2722 increpatum
1399 2691 1473 2712 enm
1497 2682 1686 2714 intercessu

987 2743 1048 2765 suo
1062 2734 1184 2764 liberat
1200 2742 1218 2764 e
1231 2731 1383 2763 manibus
1399 2732 1631 2772 Neoptolemi.

1030 2782 1041 2803 f
1064 2783 1183 2814 Cuncta
1194 2781 1300 2821 regni]
1324 2780 1546 2821 subauditur,
1559 2786 1567 2799 ‘
1580 2790 1685 2822 nego-

990 2834 1046 2865 tia.
