1915 3231
556 333 619 364 DE
653 333 809 363 sunno
841 332 1070 363 TROJANO
1102 333 1197 362 ΜΒ.
1231 334 1281 363 ιι,
1553 326 1634 367 173

183 426 345 481 sagitta
364 426 560 468 Pandari
578 429 869 479 vulneratus,³'
898 427 946 468 in
971 427 1075 481 ipso
1105 426 1271 480 impetu
1300 439 1525 481 repressus
1554 434 1634 470 est.

182 495 323 548 Igitur
356 494 413 535 ab
446 494 610 535 nostris
641 495 834 535 clamore
869 497 982 543 orto,
1012 493 1232 546 simulque
1264 505 1363 534 cum
1399 493 1467 535 ira
1495 494 1636 547 indig-

183 562 405 611 nantibus,
444 561 564 615 quod
604 561 780 602 duobus
806 566 821 582 ²
866 572 1065 601 seorsum
1103 559 1337 600 adversum
1376 572 1440 609 se,
1481 560 1637 614 hisque

183 628 378 670 maxime
398 641 587 682 quorum
608 628 747 680 gratia
765 627 928 669 bellum
949 625 1184 668 conflatum
1205 630 1336 676 esset,
1364 626 1638 668 decernenti-

184 695 286 745 bus,
305 700 484 749 repente
503 694 750 749 aTrojanis
764 694 959 748 pessimo
979 706 1098 734 more
1118 692 1468 743 intercederetur,
1483 707 1638 735 rursus

185 762 343 816 globus
382 763 667 804 barbarorum
707 762 912 815 ingruens
943 760 1245 802 Alexandrum
1276 773 1299 800 e
1328 760 1476 801 medio
1510 761 1640 814 rapit.

186 828 295 882 [4].]
324 829 503 871 Interim
524 830 570 870 in
592 843 648 871 ea
667 829 976 883 permixtione,
999 829 1105 870 dum
1124 829 1259 869 nostri
1280 829 1499 878 haesitant,
1522 828 1641 869 Pan-

187 896 322 939 darus
353 898 509 951 procul
543 902 708 947 astans,
746 896 906 938 multos
940 895 1199 939 Graecorum
1239 895 1413 949 sagittis
1449 895 1639 948 configit.

189 963 352 1018 Neque
379 965 503 1019 prius
537 964 640 1005 finis
671 963 834 1014 factus,
872 976 1005 1018 quam
1038 963 1290 1009 Diomedes,
1319 963 1544 1004 atrocitate
1581 963 1641 1003 rei

187 1034 353 1081 motus,
381 1043 723 1085 progressusque
758 1031 962 1072 cominus
997 1030 1089 1072 telo
1123 1030 1295 1072 hostem
1315 1035 1647 1084 prosterneret?

189 1096 297 1139 Hoc
316 1097 452 1139 modo
481 1098 713 1139 Pandarus
739 1098 990 1140 certaminis
1009 1097 1175 1139 foedere
1196 1098 1383 1147 violam,
1415 1102 1548 1152 atque
1579 1097 1645 1137 in-

189 1164 386 1206 teremtis
405 1164 570 1214 multis,
600 1165 658 1205 ad
679 1169 947 1218 postremum
968 1178 1129 1219 poenas
1152 1165 1509 1206 sceleratissimae
1531 1165 1645 1206 mili-

193 1230 271 1272 tiae
288 1230 303 1254 ²³
331 1231 424 1273 luit.
485 1231 683 1272 Ceterum
706 1244 868 1285 corpus
890 1231 985 1285 ejus
1005 1232 1239 1273 liberatum
1271 1244 1328 1272 ex
1357 1233 1455 1273 acie
1472 1237 1486 1254 ⁰
1521 1232 1646 1273 Pria-

192 1297 325 1339 midae
347 1298 436 1351 igni
452 1304 674 1341 cremant:
704 1299 1004 1353 reliquiasque
1022 1300 1133 1340 socii
1152 1299 1337 1340 traditas
1358 1298 1443 1339 sibi
1461 1298 1644 1352 Lyciam

193 1365 239 1406 in
259 1364 404 1406 solum
423 1364 612 1419 patrium
633 1365 863 1418 pertulere.
922 1366 1099 1408 Interim
1121 1370 1301 1419 uterque
1316 1366 1541 1406 exercitus
1561 1366 1647 1418 sig-

194 1443 253 1472 no
275 1430 381 1473 dato
402 1443 562 1472 manus
592 1436 857 1474 conserunt:
888 1436 1222 1486 pugnantesque
1242 1433 1287 1473 vi
1319 1445 1488 1473 summa
1509 1437 1646 1486 atque

197 1498 377 1552 ancipiti
414 1498 590 1540 fortuna
629 1496 835 1539 bellumd
885 1499 944 1540 ad
985 1511 1195 1540 occasum
1234 1498 1344 1540 solis
1385 1498 1647 1552 producunt.

198 1564 287 1605 Sed
318 1565 395 1605 ubi
425 1578 519 1606 nox
554 1564 836 1615 adventabat,
872 1566 1074 1619 utrinque
1113 1577 1239 1618 reges
1281 1565 1500 1606 subducta
1531 1565 1648 1606 haud

196 1630 328 1684 longe
349 1632 461 1682 acie,
483 1631 743 1672 custodibus
774 1631 943 1672 idoneis
964 1632 1188 1672 exercitus
1207 1631 1518 1673 communiere,
1579 1631 1649 1672 Ita

196 1710 278 1751 per
309 1698 478 1752 aliquot
505 1698 599 1740 dies
628 1703 800 1751 tempus
827 1698 1017 1739 bellandi
1047 1698 1337 1752 opperientes,
1366 1698 1547 1739 militem
1568 1698 1652 1738 fre-

199 1769 400 1818 quentem
420 1770 665 1807 armatum9
696 1765 859 1806 frustra
887 1766 1108 1807 habuere.e
1170 1765 1376 1820 Namque
1397 1766 1475 1807 ubi
1500 1766 1650 1820 hyems

807 1893 1046 1906 eeeeeeeeeeee

199 1982 263 2012 —8
278 1981 389 2013 Deest
402 1984 509 2014 contra
524 1981 558 2014 in
570 1981 762 2024 Delpb.—9
777 1982 904 2024 Delpli.
916 1983 949 2013 in
958 1985 1121 2014 mmm—l
1140 1981 1438 2024 Delpli.srumenta
1452 1992 1481 2013 a.
1495 1993 1523 2023 q.
1538 1992 1568 2023 q.
1584 1986 1608 2014 t.
1622 1992 1654 2013 a,

857 2098 889 2130 N
896 2097 1000 2131 OTAE

244 2181 257 2202 y
282 2173 413 2214 Sagitta
441 2174 586 2206 Pandari
615 2175 811 2218 vulneratus]
848 2174 901 2206 Ex

202 2224 356 2256 Homero
369 2225 430 2256 hoc
443 2234 589 2266 quoque,
604 2225 662 2256 sed
677 2225 903 2258 immutatum.

202 2276 332 2308 Scribit
348 2277 435 2308 enim
457 2276 628 2308 Homerus
653 2280 732 2317 post
753 2285 903 2317 pugnam

202 2326 354 2358 Menelai
378 2331 413 2358 et
434 2326 584 2367 Paridis,
607 2336 685 2358 cum
708 2336 751 2358 ex
775 2326 903 2358 foedere

204 2376 321 2409 Graeci
345 2376 512 2408 Helenam
536 2381 746 2418 repeterent,
768 2376 905 2408 Panda-

204 2436 279 2459 rum
291 2428 455 2469 Lycaonis
468 2427 586 2468 filium,
598 2433 636 2460 ut
648 2427 790 2460 violaret
802 2426 904 2458 fidem

205 2476 355 2515 foederis,
385 2478 419 2510 in
445 2479 638 2509 Menelaum
665 2478 795 2509 hastam
823 2477 905 2508 emi-

206 2528 303 2568 sisse,
328 2538 416 2570 quae,
448 2528 586 2560 thorace
615 2527 818 2568 cinguloque
844 2535 902 2567 pe-

206 2579 348 2611 netratis
364 2581 452 2620 eJus,
464 2583 595 2610 tantum
608 2587 771 2610 summanr
789 2585 903 2608 aurem

208 2629 422 2670 perstrinxit.
454 2629 553 2660 Illum
571 2628 662 2668 vide,
679 2629 721 2659 Il.
738 2633 778 2659 Δ.

250 2683 264 2698 z
290 2678 380 2714 Quod
402 2678 533 2719 duobus]
566 2677 765 2710 Alexandro
782 2681 816 2708 et
830 2676 908 2708 Me-

210 2728 321 2759 nelao.

255 2783 269 2798 ²
293 2779 440 2810 Cominus
458 2780 519 2810 telo
544 2779 661 2810 hostem
684 2774 910 2819 prosterneret]

211 2827 314 2859 Hom.
331 2828 432 2859 Iliad.
448 2833 482 2860 E.

257 2877 271 2897 ὓ
284 2876 537 2909 Sceleratissimae
550 2877 689 2919 nzilitioe]
711 2877 911 2911 sceleratis·

957 2174 1076 2205 simum
1093 2173 1188 2214 dicit,
1213 2174 1293 2215 quia
1314 2172 1444 2205 foedera
1461 2172 1658 2211 violaverat,

957 2225 1152 2256 Menelaum
1167 2223 1385 2255 vulnerando.

1000 2280 1013 2296 ⁰
1035 2275 1216 2306 Liberatum
1241 2285 1281 2306 ex
1306 2274 1387 2314 acie]
1420 2273 1490 2305 Per
1506 2273 1658 2311 AEneam,

958 2334 1058 2366 quem
1072 2325 1119 2356 ibi
1135 2325 1237 2357 etiam
1253 2323 1436 2355 Diomedes
1452 2322 1565 2364 lapide
1582 2332 1660 2363 per-

959 2375 1078 2406 cussit.

1000 2423 1016 2445 ‘¹
1041 2423 1179 2464 Bellum]
1202 2424 1211 2442 ‘
1225 2422 1380 2455 Bellum'
1395 2422 1479 2453 dicit
1495 2431 1556 2463 pro
1573 2431 1659 2463 pug-

958 2483 1014 2507 na,
1059 2475 1113 2505 De
1130 2483 1171 2505 ea
1186 2473 1264 2505 vide
1280 2473 1421 2505 Homer.
1436 2472 1537 2504 Iliad.
1551 2475 1586 2503 E.

1003 2530 1017 2546 e
1050 2525 1254 2565 Frequentem
1288 2526 1444 2554 armatum
1473 2522 1524 2563 [in
1557 2522 1661 2562 arma]

952 2574 1078 2614 smstra
1112 2573 1257 2614 habuere]
1307 2572 1441 2611 Malim,
1459 2573 1468 2590 ‘
1491 2571 1533 2603 In
1559 2571 1661 2602 armis

960 2625 1089 2656 frustra
1113 2622 1296 2655 habuere?
1333 2623 1475 2654 militem
1502 2621 1662 2663 frequen-

961 2680 1031 2708 tem
1048 2675 1198 2707 habuere
1216 2674 1250 2705 in
1266 2674 1389 2713 armis3
1411 2672 1501 2714 qnod
1518 2672 1662 2703 Latinis-

962 2726 1081 2757 simnm
1099 2730 1164 2757 est.
1198 2725 1324 2756 Potest
1340 2727 1454 2755 tamen
1470 2721 1565 2757 ferri,
1579 2722 1589 2739 ‘
1602 2721 1663 2752 mi-

963 2777 1013 2807 les
1026 2774 1185 2816 frequens
1201 2774 1234 2806 in
1250 2783 1342 2805 arma
1356 2773 1376 2812 ;’
1391 2772 1482 2814 apud
1497 2772 1662 2804 Nostrum

965 2825 1151 2866 praecipue,
1165 2834 1185 2855 a
1196 2833 1261 2866 quo
1275 2833 1339 2854 non
1356 2828 1408 2855 est
1421 2822 1588 2864 exigenda
1600 2822 1663 2853 La-

966 2876 1029 2908 tini
1044 2875 1208 2908 sermonis
1228 2874 1365 2917 puritas.
