1915 3231
316 259 401 302 1312
782 272 995 303 chrvos
1029 274 1301 304 cnn‘rENsis

318 366 388 407 his
410 366 525 407 locis
547 366 811 420 imperitare,
834 367 999 409 fiducia
1034 367 1334 420 cognationist
1363 367 1422 409 ad
1451 381 1550 410 eum
1571 369 1764 421 veniunt,

316 434 444 486 eique
468 434 647 486 quinam
667 438 824 483 essent,
855 439 897 475 et
918 435 1179 487 quibuscum
1210 435 1505 487 navigassent,
1537 425 1765 490 aperuere.

317 499 461 541 Dein2
491 502 631 541 multa
665 501 857 542 invicem
890 506 1120 543 consumta
1156 503 1372 553 oratione,
1403 503 1462 543 ad
1496 508 1766 556 postremum

315 568 448 608 nostri
470 569 619 609 acrius
640 569 859 618 incusare,
889 569 1008 623 quod
1043 574 1132 610 tam
1168 570 1386 611 hostiliter
1406 569 1637 611 adversum
1660 579 1766 612 suos

314 641 579 677 versaretur.
636 634 1010 687 Agamemnonem
1030 649 1219 691 namque
1240 640 1282 678 et
1304 637 1558 678 Menelaum
1581 637 1766 690 Pelopi-

316 701 412 751 das,
433 714 518 743 non
539 702 707 744 alienos
729 704 901 754 generis
916 708 933 725 ¹²
965 704 1049 754 sui,
1081 717 1180 744 eum
1209 704 1453 744 exercitum
1475 703 1766 746 contraxisse.

315 768 435 810 Dein
457 782 556 823 quae
584 769 701 810 circa
729 768 906 809 domum
929 769 1121 811 Menelai
1153 771 1210 812 ab
1233 770 1492 812 Alexandro
1523 770 1767 813 commissa

313 840 479 887 essent,
498 839 762 889 raptumque
786 835 975 878 Helenae
997 837 1184 879 docent:
1215 839 1271 879 ob
1293 851 1394 892 quae
1410 844 1422 868 ³
1457 838 1616 879 decere
1643 850 1762 889 eum,

314 915 415 943 cum
438 906 616 956 propter
636 903 1075 955 consanguinitatem,
1095 909 1185 946 turn
1206 906 1432 959 praecipue
1451 906 1509 948 ob
1531 906 1680 946 scelus
1700 905 1766 947 vi-

313 969 422 1011 olati
443 969 688 1011 communis
717 969 914 1023 hospitii,
937 969 1114 1012 Graecis
1144 972 1256 1028 ultro
1284 973 1431 1014 ferre4
1461 972 1691 1022 auxilium,
1720 973 1766 1014 in

313 1049 493 1089 quorum
524 1036 743 1089 gratiamv
773 1037 918 1090 ipsius
939 1038 1068 1078 etiam
1090 1038 1304 1080 Herculis
1339 1039 1531 1092 plurima
1562 1038 1766 1080 laborum

313 1108 598 1145 monumenta
617 1116 695 1157 per
726 1107 864 1145 totam
886 1103 1110 1146 Graeciam
1140 1105 1412 1147 existerent.⁵
1470 1104 1544 1146 Ad
1566 1117 1622 1146 ea
1639 1105 1767 1146 Tele-

313 1171 457 1225 phus:
487 1170 571 1212 etsi
589 1171 740 1212 dolore
763 1171 953 1212 vulneris
973 1171 1206 1213 immodice
1237 1171 1546 1223 afflictabatur,
1577 1172 1766 1225 benigne

311 1243 462 1280 tamen
483 1238 770 1293 respondens,
790 1239 988 1293 ipsorum
1008 1240 1158 1294 potius
1190 1239 1254 1281 ait
1284 1240 1419 1293 culpa
1436 1240 1619 1290 factum,
1641 1238 1764 1293 quod

313 1305 620 1356 amicissimOS,
649 1309 694 1348 et
721 1306 900 1360 junctos
929 1307 1016 1347 sibi
1051 1307 1226 1359 generis
1257 1306 1483 1356 affinitate,
1512 1319 1646 1360 regno
1679 1318 1764 1348 suo

313 1373 524 1426 appulsos
545 1373 839 1426 ignoraverit:
857 1373 1187 1427 praemittendos
1206 1374 1366 1415 etenim
1385 1374 1542 1424 fuisse,
1557 1386 1634 1427 per
1649 1385 1765 1426 quos

312 1441 491 1492 cognito
512 1454 662 1481 eorum
682 1440 871 1483 adventu
893 1434 1072 1482 obviam
1093 1442 1158 1481 ire
1185 1441 1475 1494 gratulantem
1499 1440 1765 1494 oportuerit:

314 1512 449 1560 atque
488 1508 630 1549 amice
668 1508 864 1561 hospitio
898 1512 1120 1562 receptos,
1160 1508 1436 1562 donatosque
1470 1508 1766 1558 muneribus,W

314 1587 416 1615 cum
454 1574 735 1616 commodum
765 1575 878 1628 ipsis
902 1575 1140 1625 videretur,
1165 1576 1399 1617 remittere.
1459 1573 1664 1616 Ceterum
1686 1574 1767 1617 mi-

312 1640 450 1681 litiam
473 1641 696 1683 Priamum
715 1642 768 1683 ad
777 1648 967 1683 versumx
987 1655 1187 1684 recusare
1204 1656 1214 1684 :
1232 1641 1509 1696 Astyochen⁶
1530 1641 1646 1683 enim
1668 1640 1766 1682 Pri-

315 1709 434 1757 ami‚⁷
452 1713 469 1736 y
493 1709 578 1749 sibi
600 1710 876 1750 matrimonio
893 1711 1108 1764 junctam,
1123 1722 1181 1750 ex
1197 1722 1286 1764 qua
1307 1709 1555 1763 Eurypylus
1575 1708 1766 1761 genitus,

910 1827 929 1839 O
934 1827 1157 1841 “etune“

315 1915 445 1952 qua—4
469 1912 594 1953 Delph.
620 1913 819 1950 ‹rdfhrre.—-5
851 1913 979 1955 Delph.
1005 1914 1213 1945 nistera—o
1241 1912 1370 1953 Delph.
1394 1911 1656 1953 Astyochem.—7
1679 1911 1766 1943 Post

974 2029 1118 2061 NOTAE

357 2105 366 2123 ῑ
391 2103 525 2134 Fiducia
553 2104 763 2145 cognationis]
803 2105 891 2136 Nam
918 2105 1013 2136 Tele-

316 2154 399 2193 phus
422 2162 536 2184 eorum
564 2160 637 2184 erat
665 2155 863 2190 avunculus,
890 2164 1012 2195 nempe

314 2203 421 2234 frater
434 2203 601 2242 Thessali,
619 2213 732 2234 eorum
753 2204 870 2243 patris.

357 2259 371 2273 ²¹
395 2253 468 2283 Non
484 2254 600 2284 alienos
620 2254 760 2293 generis]
789 2254 874 2284 Nam
890 2254 1010 2284 Tanta-

314 2304 365 2333 lus
388 2303 526 2343 Pelopis
551 2313 685 2344 pareuS,
706 2304 802 2335 Jovis
826 2303 913 2334 filius
935 2304 1012 2342 fuit,

314 2359 348 2383 et
372 2354 420 2383 ita
445 2352 550 2384 frater
568 2353 738 2392 Herculis,
753 2354 809 2394 qni
825 2353 1010 2394 Telephum

315 2403 478 2443 suscepit.
526 2403 636 2444 Igitur
650 2404 776 2444 Pelops
789 2409 825 2434 et
840 2404 1011 2444 Telephus

314 2454 518 2486 consobrini.
542 2454 775 2495 Agamemnon
791 2464 869 2486 vero
885 2458 919 2485 et
937 2454 1011 2485 Me-

315 2505 431 2534 nelaus
474 2503 665 2536 Plisthenis
705 2504 777 2545 filii,
820 2504 1011 2536 Plisthenes

314 2554 426 2593 Atrei,
442 2553 566 2585 Atreus
581 2554 730 2595 Pelopis.

356 2609 371 2624 v
395 2604 434 2635 In
450 2614 578 2644 quorum
591 2604 746 2645 gratiam]
773 2603 832 2636 Ait
849 2604 1011 2645 plurimos

315 2652 445 2684 labores
458 2655 490 2684 in
503 2654 648 2694 gratiam
656 2654 859 2686 Graecornm
869 2653 911 2685 ab
923 2653 1010 2684 Her-

315 2705 389 2734 cule
402 2706 607 2744 exantlatos,
625 2710 662 2736 ut
676 2705 718 2735 ab
731 2705 888 2745 exemplo
906 2704 1010 2744 patris

315 2754 440 2784 eumin
456 2755 586 2786 militiae
611 2756 810 2786 societatem
836 2754 1011 2795 pertrahe·

315 2809 379 2835 ret.
416 2804 483 2835 Sed
499 2814 559 2837 cur
575 2814 641 2837 non
659 2805 768 2847 potius
786 2806 864 2845 ista,
878 2803 1010 2836 seilicet

1067 2105 1254 2136 Herculem
1271 2104 1349 2136 olim
1365 2104 1464 2135 Ilium
1477 2101 1663 2143 obsedisse,
1679 2102 1765 2135 Lao-

1066 2155 1260 2186 medontem
1279 2153 1515 2184 interfecisse?
1538 2152 1600 2183 ὅτε.

1108 2210 1127 2223 W
1151 2204 1351 2243 Donatosque
1366 2201 1558 2241 muneribus]
1580 2202 1666 2234 Quae
1687 2201 1765 2233 ideo

1067 2251 1494 2293 Xeniadicebantur,quod
1503 2250 1764 2282 darenturHos-

1064 2303 1202 2344 pitibns',
1217 2303 1272 2343 qui
1286 2302 1419 2332 Graecis
1436 2303 1445 2318 ‘
1458 2299 1593 2332 Xenoi.’

1106 2358 1121 2373 Χ
1145 2353 1309 2383 Priamum
1334 2350 1513 2391 adversum]
1536 2350 1621 2389 Pro,
1645 2350 1763 2382 adver-

1061 2412 1133 2433 sum
1161 2402 1352 2433 Priamum:
1376 2402 1424 2432 sic
1450 2410 1564 2441 supra,
1583 2405 1688 2441 ‘quos
1705 2401 1763 2432 ad-

1067 2452 1222 2492 versum‚’
1247 2461 1306 2493 pro
1330 2455 1338 2469 ⁸
1352 2451 1535 2482 adversum
1552 2451 1659 2492 quos.'

1107 2506 1120 2528 y
1144 2501 1320 2542 Astyochea
1349 2501 1429 2532 enim
1461 2499 1601 2540 Priami]
1644 2500 1764 2532 Filiam

1066 2551 1210 2583 scilicet.
1255 2550 1304 2582 At
1315 2550 1455 2591 Telephi
1471 2549 1607 2591 quidem
1623 2559 1764 2581 uxorem

1066 2602 1263 2644 Astyochea
1281 2606 1381 2633 vocat
1408 2601 1566 2632 Eustath.
1586 2600 1620 2631 in
1636 2599 1764 2641 Odyss.

1065 2658 1100 2684 A.
1142 2653 1210 2684 Sed
1227 2662 1300 2684 eam
1318 2652 1446 2683 Priami
1462 2660 1625 2690 sororem,
1642 2660 1709 2682 non
1724 2644 1764 2682 fl-

1067 2705 1143 2734 liam
1159 2703 1253 2734 dicit.
1292 2702 1360 2733 Alii
1377 2702 1487 2733 verius
1501 2711 1574 2732 eam
1591 2700 1762 2733 Laodicen

1066 2758 1201 2792 vocant,
1235 2762 1333 2793 quam
1365 2751 1491 2782 Priami
1522 2750 1625 2782 filiam
1655 2750 1761 2782 fuisse

1064 2812 1181 2836 omnes
1196 2802 1422 2835 consentiunt.
