1915 3231
599 374 663 404 DE
699 373 868 405 Excm.
899 373 1067 405 TROJAE
1100 373 1295 405 HlSTOR.
1579 363 1665 406 327

223 466 395 508 Hector
412 465 510 507 suit.
572 466 816 508 Diomedes
837 471 880 508 et
902 467 1090 521 Ulysses
1111 468 1256 510 dicere
1278 470 1520 520 coeperunt,
1539 467 1665 510 Troi-

221 533 311 573 lum
331 546 416 573 non
436 533 583 573 minus
604 533 762 574 fortem
781 534 920 574 virum
942 547 1042 575 esse
1062 547 1197 588 quam
1219 533 1488 574 Hectorem:
1509 534 1666 587 sicque

222 598 434 639 Menelao
454 599 710 639 resistentes
730 600 893 640 bellum
914 601 1003 651 geri
1033 600 1336 653 prohibebant.
1397 598 1586 641 Calchas
1607 614 1666 642 ex

220 665 404 717 augurio
423 665 665 719 respondit,
687 666 846 706 debere
865 679 1074 719 pugnare,
1093 679 1173 707 nec
1194 678 1348 707 curare
1367 664 1517 719 quod⁷
1535 667 1666 708 modo

219 731 468 784 superiores
487 731 667 785 Trojani
686 731 859 772 fuerint.
920 732 991 785 [31
1001 732 1030 779 .]
1057 732 1256 786 Tempus
1276 744 1435 786 pugnae
1458 745 1667 785 superve-

217 796 297 839 nit.
357 798 674 850 Agamemnon,
698 798 944 848 Menelaus,
967 799 1222 849 Diomedes,
1253 798 1393 853 Ajax,
1425 799 1667 841 exercitum

214 863 432 905 educunt:
469 869 623 906 contra
658 864 857 918 Trojani.
942 866 1018 907 Fit
1056 879 1211 919 magna
1251 866 1413 915 caedes,
1450 870 1669 920 pugnatur

217 931 388 981 acriter,
406 934 587 985 uterque
609 932 832 973 exercitus
851 932 962 974 inter
982 946 1029 974 se
1050 933 1252 974 saeviunt.
1310 932 1488 974 Troilus
1510 932 1667 974 Mene-

216 996 338 1039 laum
357 998 542 1048 sauciat,
561 998 724 1040 multos
742 998 962 1049 interficit,
981 999 1172 1052 Argivos
1187 999 1231 1040 in
1247 1003 1392 1041 castra
1408 999 1530 1052 fugat
1546 1012 1558 1047 3
1577 1010 1668 1039 nox

216 1065 415 1118 praelium
435 1064 612 1106 dirimit.
672 1065 863 1107 Postera
883 1065 953 1107 die
973 1066 1150 1107 Troilus
1171 1069 1216 1108 et
1227 1066 1483 1108 Alexander
1500 1065 1667 1106 exerci-

217 1136 313 1173 tum
352 1132 558 1174 educunt.
635 1132 801 1174 Contra
841 1145 996 1174 omnes
1036 1131 1190 1186 Argivi
1230 1133 1476 1187 prodeunt:
1508 1132 1667 1174 acriter

217 1198 436 1252 utrimque
468 1201 699 1252 pugnatur.
754 1198 931 1240 Troilus
959 1199 1220 1240 Diomedem
1243 1199 1445 1241 sauciat:
1475 1199 1520 1239 in
1550 1197 1667 1250 Aga-

215 1277 493 1306 memnonem
524 1265 861 1319 impressionem
881 1264 1003 1315 facit,
1023 1278 1195 1306 necnon
1218 1265 1379 1306 faciem
1399 1265 1543 1318 ipsius
1565 1277 1668 1305 sau-

216 1331 321 1380 ciat,
357 1331 550 1384 Argivos
583 1332 729 1374 caedit.
788 1332 874 1373 Per
911 1331 1086 1386 aliquot
1117 1332 1213 1373 dies
1249 1335 1466 1385 pugnatur
1496 1331 1667 1380 acriter,

216 1398 360 1439 multa
379 1399 517 1441 millia
536 1399 761 1440 hominum
783 1412 838 1439 ex
860 1405 1042 1453 utraque
1061 1402 1181 1452 parte
1200 1399 1488 1440 trucidantur.
1546 1397 1668 1450 Aga-

216 1478 437 1515 memnon,
471 1471 521 1508 ut
553 1466 667 1508 vidit
696 1465 908 1519 majorem
943 1469 1117 1518 partem
1149 1465 1369 1506 exercitus
1395 1478 1444 1505 se
1466 1465 1667 1518 quotidie

216 1533 431 1583 amittere,
466 1546 609 1587 neque
632 1532 831 1573 sufficere
853 1545 1006 1586 posse,
1034 1532 1168 1574 mittit
1187 1532 1390 1573 inducias
1412 1536 1592 1585 petere*
1623 1532 1667 1572 in

216 1613 298 1641 sex
317 1613 502 1642 menses.
563 1600 771 1641 Priamus
793 1600 1027 1641 concilium
1049 1599 1181 1652 cogit,
1215 1599 1381 1639 indicat
1401 1598 1667 1650 Argivorum

215 1667 491 1719 legationem.
548 1667 728 1708 Troilus
746 1670 879 1720 negat
897 1666 993 1707 dari
1025 1672 1114 1707 tam
1150 1665 1283 1718 longo
1313 1669 1509 1718 tempore
1542 1665 1668 1706 indu·

215 1735 325 1783 cias,
346 1733 424 1775 sed
446 1733 597 1788 potius
618 1734 947 1787 impressionem
967 1730 1092 1784 fieri,f
1118 1745 1255 1774 naves
1289 1731 1482 1773 incendi.
1541 1731 1668 1774 Pria-

214 1812 316 1840 mus
335 1800 443 1854 quid
463 1801 623 1854 cuique
643 1799 843 1841 videatur
869 1800 1017 1841 dicere
1046 1800 1253 1853 imperat.
1329 1799 1547 1840 Omnibus
1569 1800 1667 1852 pla-

215 1867 349 1907 citum
372 1871 452 1917 est,
474 1867 634 1908 debere
656 1866 750 1908 fieri
769 1866 889 1921 quod
911 1866 1063 1920 Argivi
1085 1870 1263 1920 petunt:
1286 1870 1392 1907 tunc
1411 1865 1523 1906 fiunt
1537 1866 1669 1907 indu-

215 1933 306 1974 ciac⁴
321 1934 364 1974 in
385 1946 467 1974 sex
488 1946 674 1975 menses.
732 1931 1039 1986 Agamemnon
1058 1933 1298 1974 honorifice
1321 1946 1427 1974 suos
1449 1933 1668 1986 sepelien-

216 1999 303 2042 dos
324 2005 477 2043 curat:
509 2000 790 2051 Diomedem,
816 2000 1072 2042 Menelaum
1097 2001 1278 2042 saucios
1300 2004 1441 2041 curat.
1489 2000 1670 2053 Trojani

215 2080 345 2121 aeque
367 2081 476 2109 suos
498 2068 731 2122 sepeliunt.
790 2068 913 2109 Dum
933 2067 1123 2109 induciae
1147 2073 1262 2117 sunt,
1281 2066 1588 2120 Agamemnon
1609 2079 1669 2108 ex

215 2134 392 2175 consilii
412 2135 632 2176 sententia
652 2135 709 2176 ad
736 2134 953 2176 Achillem
984 2147 1087 2176 cum
1123 2135 1319 2176 Nestore
1351 2133 1666 2187 proficiscitur,

216 2204 264 2240 ut
283 2206 457 2253 rogaret
476 2215 575 2242 eum
606 2202 654 2242 in
684 2201 850 2242 bellum
882 2201 1072 2255 prodire.
1131 2201 1329 2242 Achilles
1350 2201 1491 2242 tristis
1513 2213 1668 2253 negare

216 2268 356 2321 coepit
375 2281 423 2309 se
446 2268 730 2321 proditurum,
752 2269 831 2310 sed
854 2282 1010 2323 pacem
1043 2269 1135 2322 peti
1167 2274 1381 2322 oportere,
1402 2267 1611 2321 conqueri
1627 2280 1637 2308 :
1651 2272 1668 2295 g

824 2383 1061 2399 eeeeeeeeeeee

259 2442 278 2471 7
305 2440 373 2476 Quo
389 2440 514 2482 Delph.

869 2537 1012 2570 NOTAE

257 2605 273 2620 θ
297 2598 407 2630 Mittit
428 2599 567 2630 inducias
587 2599 706 2640 petere]
741 2600 751 2617 ‘
764 2599 891 2632 Petere
903 2602 912 2616 '
970 2600 1031 2633 re.'
1074 2599 1144 2631 Ubi
1173 2598 1272 2629 deest
1308 2596 1447 2628 verbnm
1484 2597 1666 2629 contrariae

217 2659 280 2691 pro
295 2650 305 2667 ‘
317 2648 484 2689 petitum?
517 2649 614 2687 Virg.
639 2649 649 2665 ‘
663 2649 825 2688 Suspensi
846 2651 913 2680 Eu-
969 2649 1225 2691 significationis
1242 2648 1345 2679 verbo
1360 2657 1513 2688 negare3
1543 2656 1667 2688 nempe

217 2699 373 2740 rypylnm
386 2699 545 2730 scitatum
554 2699 690 2730 oracula
700 2699 820 2729 Phoebi
832 2700 914 2731 Mit-
967 2701 1065 2739 dicit,
1080 2701 1237 2740 imperat.
1276 2699 1328 2729 De
1343 2707 1409 2738 quo
1425 2696 1585 2738 loquendi
1598 2706 1667 2729 mo·

216 2747 345 2780 timus!
967 2749 1012 2781 do
1027 2750 1160 2782 abunde
1176 2748 1267 2789 apud
1284 2747 1424 2787 Dictyn-

261 2798 275 2818 f
292 2798 354 2830 Sed
375 2798 479 2838 potius
493 2797 722 2838 impressionem
734 2797 827 2839 fieri]
858 2799 912 2832 Sic
1010 2806 1027 2828 g
1043 2799 1212 2842 Conqueri]
1231 2799 1363 2839 Repete
1379 2796 1389 2814 ‘
1402 2796 1533 2840 coepit‚’
1545 2806 1565 2829 a
1576 2806 1666 2830 com-

217 2857 297 2879 mox
313 2847 377 2878 hac
393 2847 537 2888 pagina:
562 2848 571 2863 ‘
585 2846 720 2886 Negare
745 2848 851 2888 coepit
874 2859 911 2880 se
965 2851 1071 2883 muni.

219 2896 444 2939 proditurum,
460 2895 518 2928 sed
544 2904 661 2936 pacem
685 2896 757 2937 peti
777 2902 911 2937 oporte-
