1915 3231
689 370 846 401 soENA
882 371 1081 402 TRomA.
1553 365 1610 405 83

587 526 735 568 XXI.
795 526 1189 569 PALLADIUM.

692 616 795 656 Lm.
819 627 864 656 v.
895 616 1014 657 CAP.
1034 618 1077 657 5.

156 694 169 712 ‘
192 690 477 744 Cognoscunt
499 692 554 732 ab
576 691 797 733 Antenore
819 693 987 734 editum
1010 693 1231 747 quondam
1252 695 1480 736 oraculum
1499 695 1607 737 Tro-

203 758 338 811 Janis,
359 759 554 799 maximo
575 758 715 799 exitio
747 759 921 800 civitati
951 760 1063 807 fore,
1085 760 1124 800 si
1149 760 1398 801 Palladium
1421 763 1540 815 quod
1562 763 1607 803 in

212 824 379 878 templo
404 824 621 866 Minervae
644 829 781 874 esset,
804 829 928 866 extra
949 826 1117 867 moenia
1138 826 1391 868 tolleretur?

213 902 290 942 DE
311 901 608 955 Trojanorum
625 900 832 942 Palladio
853 903 975 943 multi
992 902 1143 943 multa.
1188 902 1350 945 Omnia
1370 906 1608 959 compilare

155 968 281 1009 labor
294 972 414 1009 esset
445 967 709 1008 Herculeus·
769 967 935 1009 Saltem
956 968 1182 1011 dubitant:

214 1046 243 1075 1.
276 1034 416 1088 Cujus
442 1034 487 1075 id
521 1035 726 1086 originis:
760 1039 861 1075 sunt
881 1035 998 1076 enim
1019 1037 1095 1089 qui
1124 1050 1148 1077 e
1168 1037 1284 1079 coelo
1304 1038 1349 1078 in
1370 1038 1609 1079 Pessinun-

155 1105 258 1151 tem,
280 1102 484 1156 Phrygiae
503 1102 669 1151 urbem,
692 1102 923 1156 delapsum
944 1103 1138 1144 credant.
1201 1103 1441 1145 Herodian.
1466 1115 1496 1144 1.
1516 1106 1587 1146 35.

214 1180 268 1209 11.
300 1168 440 1222 Cujus
479 1169 698 1210 materiae:
738 1169 908 1222 quippe
947 1174 1067 1220 sunt,
1108 1170 1217 1210 inter
1256 1183 1368 1224 quos
1403 1171 1608 1213 Clemens

154 1234 498 1285 Alexandrinus,
520 1235 595 1288 qui
631 1248 690 1276 ex
721 1237 899 1277 ossibus
919 1236 1104 1290 Pelopis
1125 1236 1289 1278 sactum
1313 1237 1608 1290 contendunt;

155 1315 302 1343 verum
342 1302 535 1354 ligneum
575 1301 712 1343 fuisse
747 1303 901 1344 volunt
950 1303 1221 1357 Scriptores,
1261 1304 1305 1344 in
1341 1302 1609 1346 Annotatio-

154 1370 284 1409 nibus
319 1367 504 1409 inferius
535 1369 678 1419 citati,
707 1369 807 1411 193.
843 1370 1069 1424 lapideum
1111 1370 1220 1412 dicit
1252 1371 1518 1425 Procopius,
1552 1372 1605 1413 B.

156 1435 288 1477 Goth.
307 1445 337 1476 1.
358 1435 428 1476 13.

214 1513 287 1542 111.
318 1501 390 1542 An
407 1501 539 1542 suerit
561 1504 679 1543 stans
700 1502 770 1543 vel
794 1501 954 1543 sedens
976 1506 1135 1544 statua.
1196 1503 1403 1558 Namque
1419 1509 1607 1547 stantem

154 1568 250 1608 sive
293 1569 590 1609 ambulantem
625 1569 765 1610 credit
803 1569 1120 1623 Apollodorus,
1144 1581 1219 1612 111.
1246 1571 1472 1613 sedentem
1504 1586 1605 1614 vero

155 1635 339 1676 affirmat
359 1634 535 1684 Strabo,
560 1646 675 1675 Χ111.

210 1701 389 1742 Interim
408 1700 484 1756 (de
507 1701 710 1743 Palladio
730 1702 831 1743 vide
852 1708 1027 1751 caetera,
1052 1703 1148 1744 193.
1170 1704 1329 1759 citata)
1363 1706 1446 1747 fuit
1466 1707 1605 1749 satum

150 1768 310 1822 Trojae.
342 1768 530 1822 Dionys.
568 1769 796 1810 Halicarn.
822 1781 852 1810 1.
882 1770 953 1811 69.
988 1768 1124 1811 Ovid.
1149 1781 1266 1812 xiil.
1306 1773 1486 1814 Metam.
1507 1774 1607 1815 330.

153 1836 286 1877 Silius
310 1845 427 1875 xui-
459 1835 668 1876 Punicor.
687 1837 756 1877 50.
785 1841 830 1878 et
858 1849 963 1878 mox
995 1837 1170 1888 Romae,
1193 1839 1250 1879 ab
1272 1839 1418 1880 AEnea
1449 1840 1493 1880 in
1515 1840 1608 1881 Ita-

149 1903 250 1944 liam
273 1902 543 1942 translatum.
576 1903 771 1944 Pausan.
792 1904 838 1945 in
874 1903 1073 1945 Corinth.
1109 1905 1299 1959 Dionys.
1321 1906 1427 1948 Hal.
1451 1918 1505 1947 11.
1532 1908 1605 1948 67.

150 1969 244 2010 Cic.
270 1979 324 2010 11.
365 1968 561 2023 Philipp.
595 1970 665 2012 10.
697 1970 863 2012 Lucan.
906 1981 977 2011 lx.
1015 1971 1218 2014 Pharsal.
1251 1972 1351 2014 994.
1386 1972 1517 2014 Ovid.
1541 1985 1604 2015 vi.

153 2036 275 2077 Fast.

208 2103 413 2157 Denique
435 2116 518 2144 non
532 2104 818 2145 omittendum
842 2105 961 2159 quod
986 2105 1263 2160 Pherecydes
1282 2105 1428 2153 habet,
1451 2120 1477 2147 a
1501 2106 1604 2148 Pal-

148 2171 249 2211 lade
270 2183 420 2211 omnes
449 2171 676 2223 imagines,
698 2185 798 2225 quae
820 2186 906 2213 non
928 2173 1128 2214 manibus
1158 2174 1290 2215 factae
1311 2177 1355 2215 et
1373 2187 1397 2215 e
1418 2174 1536 2215 coelo
1560 2175 1602 2215 iu

150 2242 310 2278 terram
330 2236 529 2290 dejectae,
553 2238 698 2279 dictas
718 2252 818 2280 esse
842 2240 1085 2281 Palladias.

227 2304 333 2344 Hoc
360 2309 505 2344 autem
537 2305 788 2346 Palladium
820 2311 1018 2347 nostrum
1049 2311 1120 2347 est
1151 2319 1175 2347 e
1207 2305 1376 2360 vulgari
1413 2307 1603 2348 Domiti-

151 2371 223 2412 ani
266 2371 377 2425 Imp.
410 2372 620 2423 Nummo,
658 2374 776 2426 apud
815 2372 1277 2427 Oudano-Oyzelium,
1318 2374 1388 2414 52.
1418 2374 1530 2415 Tab.
1564 2376 1601 2416 1.

153 2437 288 2479 Num.

526 2557 699 2598 XXII.
758 2557 1233 2600 ANDROMACHE.

671 2645 775 2687 Lm.
800 2659 842 2687 v.
874 2646 991 2687 CAP.
1014 2647 1081 2687 13.

249 2737 262 2757 ‘
279 2734 563 2789 Reliquorum
584 2747 679 2776 sors
696 2736 766 2787 agi
789 2739 953 2790 coepta,
976 2740 1107 2789 atque
1124 2734 1186 2776 ita
1208 2733 1500 2790 Neoptolemo

688 2801 1035 2843 Andromacha.'

206 2876 565 2920 ANDROMAGHA
587 2878 680 2920 filia
710 2884 802 2921 erat
833 2879 1045 2929 EetioniS‚
1071 2879 1165 2932 (qui
1186 2892 1265 2921 rex
1287 2878 1603 2954 cilicum2‘qui
