1915 3231
294 282 349 322 86
880 292 992 323 Lon.
1025 291 1171 323 simos

713 482 807 531 TA
817 482 1012 532 BULA
1082 483 1265 537 QUIN
1270 483 1384 532 TA.

503 650 671 693 XXV.
732 650 1155 704 ALEXANDER,
1188 662 1299 693 sive
1334 652 1538 695 PARIS.

829 763 990 803 Lrss.1.
1022 761 1144 804 CAP.
1165 762 1209 803 3.

295 874 308 892 ‘
330 871 417 912 Per
438 871 553 912 idem
575 875 748 925 tempus
772 870 1030 912 Alexander
1050 871 1283 926 Phrygius,
1306 871 1472 912 Priami
1492 870 1624 920 filius,
1646 882 1745 910 cum

350 939 495 979 AEnea
527 938 715 991 aliisque
746 950 805 978 ex
837 939 1218 991 consanguinitate
1240 940 1485 988 comitibus,
1509 938 1680 990 Spartae
1701 937 1746 976 in

351 1003 529 1044 domum
552 1003 748 1044 Menelai
769 1004 965 1057 hospitio
996 1009 1227 1059 exceptus,
1260 1005 1607 1058 indignissimum
1637 1004 1747 1044 faci-

350 1083 432 1111 nus
453 1069 808 1124 perpetraverat?

348 1168 523 1217 PAms,
545 1168 730 1218 Priami,
750 1168 1040 1223 Trojanorum
1071 1169 1185 1223 regis
1215 1169 1346 1219 filius,
1376 1169 1517 1223 patris
1537 1168 1670 1222 jussu
1701 1167 1746 1208 in

291 1236 430 1289 sylvis
451 1235 700 1288 expositus,
722 1241 960 1289 postquam
981 1240 1118 1277 mater
1141 1237 1332 1278 Hecuba
1350 1236 1396 1276 in
1417 1235 1584 1276 somnis
1606 1247 1653 1274 se
1680 1233 1748 1274 fa-

291 1315 385 1343 cem
402 1314 553 1354 parere
574 1302 672 1343 visa
693 1306 825 1352 esset,
846 1307 889 1344 et
904 1308 1032 1344 vates
1051 1317 1233 1357 puerum
1255 1303 1439 1357 Trojani
1459 1300 1622 1343 excidii
1644 1313 1748 1342 cau-

291 1381 384 1409 sam
406 1369 495 1409 sore
511 1368 857 1422 respondissent.
917 1370 1063 1411 Mater
1082 1375 1227 1411 tamen
1251 1371 1438 1420 curavit,
1460 1372 1505 1410 ut
1525 1368 1633 1408 inter
1645 1379 1748 1421 pas·

290 1446 410 1481 tores
442 1440 592 1481 Idaeos
612 1440 762 1481 furtim
783 1442 1029 1483 nutriretur.
1090 1442 1161 1483 Ibi
1184 1443 1277 1496 jam
1308 1442 1503 1490 adultuS,
1524 1439 1744 1480 OEnonem

289 1507 526 1561 nympham
548 1508 738 1557 amavit3
767 1506 924 1562 (Ovid.
955 1519 1000 1547 v.
1032 1507 1218 1549 Heroid.
1242 1507 1408 1562 Epist.)
1437 1519 1534 1560 quae
1572 1518 1746 1559 quoque

290 1573 585 1626 postmodum,
605 1573 783 1614 Paridis
805 1586 956 1625 rogum
979 1573 1296 1624 conscendens,
1317 1574 1476 1627 laqueo
1498 1571 1582 1612 sibi
1599 1570 1745 1624 gulam

289 1640 434 1693 fregit.
495 1639 704 1693 Apollod.
729 1651 800 1680 111.
820 1640 1008 1681 Tzetzes
1029 1641 1071 1681 in
1094 1640 1368 1695 Lycophron.

348 1706 552 1748 Ceterum
574 1706 628 1747 de
650 1707 882 1748 formarum
908 1709 1020 1749 inter
1042 1708 1165 1749 Deas
1193 1708 1222 1749 J
1228 1708 1375 1748 udicio
1404 1707 1476 1748 hic
1510 1718 1599 1746 non
1619 1717 1746 1758 repe-

292 1777 445 1823 temus,
477 1786 578 1826 quae
610 1774 771 1814 citatus
796 1773 936 1823 Naso,
960 1785 1046 1814 xv,
1081 1773 1270 1814 Heroid.
1305 1774 1447 1826 Epist.
1477 1772 1631 1820 Silius,
1655 1781 1744 1811 vn.

291 1839 447 1880 Punic.
464 1839 561 1880 465.
591 1839 827 1891 Apuleius,
846 1850 896 1880 Χ.
918 1840 1193 1880 Milesiacar.
1215 1839 1373 1888 Dares,
1396 1849 1479 1878 νιι.
1501 1843 1546 1879 et
1567 1839 1630 1879 sic
1651 1838 1745 1878 bre-

291 1906 402 1946 viter
421 1905 623 1959 Propert.
646 1917 699 1946 11.
720 1906 761 1946 2.
782 1907 857 1946 ubi
880 1920 1005 1947 suam
1028 1907 1182 1947 laudat
1203 1907 1420 1958 puellam:

407 1972 563 2013 Cedite
577 1972 686 2025 jam,
709 1973 855 2022 Divae,
879 1987 990 2026 quas
1010 1978 1160 2026 pastor
1180 1974 1346 2013 viderat
1367 1972 1473 2013 olim

462 2039 598 2079 Idaeis
616 2039 811 2080 tunicam
831 2052 997 2093 ponere
1029 2040 1283 2081 verticibus.

294 2105 451 2158 Neque
479 2105 532 2145 de
565 2105 750 2146 Helenae
781 2110 926 2160 raptu,
956 2119 1056 2159 quae
1077 2105 1306 2157 Coluthus,
1322 2106 1398 2147 lib.
1415 2105 1468 2146 de
1496 2105 1632 2160 Rapt.
1650 2105 1747 2147 He-

291 2172 422 2221 lenae,
446 2171 606 2212 Horat.
628 2171 710 2212 Od.
734 2183 783 2213 ιι.
804 2173 873 2213 15.
896 2173 1075 2227 aliique.

350 2239 583 2280 Inducitur
605 2243 756 2279 autem
785 2252 939 2292 parum
974 2245 1190 2289 strenuus,
1225 2245 1270 2280 et
1296 2252 1491 2280 amorum
1513 2252 1644 2292 quam
1676 2252 1745 2280 ar-

292 2319 461 2348 morum
495 2305 635 2357 magis
669 2306 916 2348 studiosus.
976 2306 1204 2347 Interemit
1234 2311 1378 2347 tamen
1401 2305 1632 2355 Achillem,
1653 2310 1746 2347 tan·

293 2373 481 2425 demque
511 2384 538 2412 a
565 2371 747 2424 Pyrrho,
776 2373 869 2412 sive
898 2372 1166 2423 Philoctete,
1187 2378 1236 2414 ut
1267 2373 1358 2423 alii,
1389 2375 1458 2412 est
1495 2371 1746 2415 confossus.

290 2439 411 2481 Vide
431 2450 529 2491 quae
551 2437 606 2478 ad
623 2437 816 2492 Dictym,
838 2450 904 2478 ιν.
925 2439 993 2481 19.

345 2505 486 2546 Porro
518 2504 604 2545 hoc
642 2504 879 2546 Numisma
911 2510 979 2547 est
1009 2506 1112 2559 imp.
1143 2504 1356 2546 Antonini
1386 2504 1472 2554 Pii,
1500 2506 1744 2557 spectatur-

293 2584 379 2627 que
399 2570 520 2626 apud
540 2571 768 2626 Sponium,
782 2571 1024 2614 Recherch.
1048 2583 1197 2614 xxiv.
1217 2572 1318 2613 384.
