1915 3231
1571 305 1596 322 ρ

546 314 609 345 ns
644 313 799 344 essm
831 313 1059 344 TROJANO
1092 314 1187 343 mn.
1220 314 1285 344 vr.
1541 303 1628 346 219

175 412 284 451 rant.
320 408 391 449 Ob
412 420 513 462 quae
534 411 720 449 coactus
741 407 1076 461 Neoptolemus
1099 407 1288 448 adverso
1308 405 1435 456 mari,
1451 410 1496 447 et
1518 408 1627 448 mul-

174 476 231 518 tis
250 474 441 528 regionis
462 474 558 528 ejus
578 474 926 528 prohibentibus,
960 473 1150 514 classem
1171 475 1374 521 exornat,
1405 472 1627 514 ascendit-

176 555 262 595 que
283 542 407 594 ipse:
445 541 545 582 dein
565 541 742 582 saevitia
759 540 931 594 hyemis
960 540 1149 581 multum
1169 540 1277 580 mari
1295 539 1524 591 fatigatus,
1549 552 1627 592 ap-

173 607 420 660 pulsusque
441 607 496 647 ad
518 606 759 660 Sepiadum
780 607 944 656 littus,’‘
973 606 1094 659 quod
1115 609 1295 659 propter
1313 617 1523 646 saxorum
1544 605 1626 645 dif-

171 673 442 714 ficultatemy
460 686 618 714 nomen
637 673 856 726 ejusmodi
877 673 1162 727 quaesiverat,
1200 684 1353 712 omnes
1374 671 1464 712 sere
1486 684 1624 712 naves

174 740 354 790 amittit,
385 740 464 781 vix
497 740 594 793 ipse
630 753 732 780 cum
763 740 832 781 his
866 740 945 794 qui
980 740 1026 780 in
1060 738 1215 780 eodem
1246 738 1426 791 navigio
1455 738 1627 779 fuerant

171 807 396 847 liberatus.
456 806 526 847 lbi
566 806 705 848 Pelea
744 819 877 848 avum
907 806 1069 861 reperit
1103 805 1375 847 occultatum
1414 804 1628 858 spelunca

172 872 327 914 abdita
358 877 405 914 et
435 874 681 923 tenebrosa,
709 874 788 914 ubi
811 887 946 915 senex
966 874 1056 914 vim
1088 878 1225 926 atque
1257 871 1444 912 insidias
1472 869 1627 911 Acasti

172 939 361 989 evitans,
387 939 580 989 assidue,
601 940 776 993 nepotis
804 940 1038 989 desiderio,
1068 939 1345 991 navigantes,
1374 941 1418 979 et
1450 937 1489 978 si
1511 937 1589 990 qui
1610 941 1625 958 ²

169 1005 285 1046 sorte
307 1010 322 1027 ²
353 1019 407 1047 eo
428 1006 611 1059 appulsi
641 1011 804 1056 essent,
827 1006 1049 1060 speculari
1083 1009 1332 1047 consuerat.
1393 1004 1514 1045 Dein
1547 1004 1625 1044 ubi

145 1076 331 1114 -cuncta
357 1072 515 1113 domus
545 1072 912 1127 fortunarumque
942 1073 1128 1114 edoctus
1164 1077 1245 1122 est,
1276 1071 1516 1113 consilium
1549 1084 1627 1124 ag-

169 1138 396 1192 grediendi
423 1138 570 1180 hostis
601 1140 709 1181 inire
740 1140 933 1193 occipit:
965 1153 1065 1181 cum
1097 1139 1212 1180 forte
1248 1138 1476 1191 cognoscit
1508 1137 1627 1179 filios

169 1204 328 1246 Acasti
372 1204 677 1259 Menalippum
716 1210 762 1247 et
802 1206 1094 1255 Plisthenem,
1142 1209 1348 1247 venatum
1387 1204 1625 1259 profectos,

170 1271 402 1312 devenisse
422 1272 479 1313 ad
500 1285 553 1313 ea
572 1273 686 1313 loca.
746 1273 905 1326 Itaque
926 1277 1094 1314 mutata
1110 1277 1230 1313 veste
1252 1271 1465 1313 Iolcium³
1489 1271 1626 1312 simu-

169 1337 303 1389 lans,⁸
327 1338 565 1393 juvenibus
597 1338 725 1381 offert
758 1353 870 1390 sese,
900 1341 1054 1394 eisque
1075 1339 1274 1393 cupitum
1308 1339 1380 1380 sui
1400 1337 1624 1380 interitum

774 1468 1013 1481 OO‘OOOOOOO‘O

211 1566 231 1595 2
245 1564 354 1595 Deest
369 1564 422 1605 qui
436 1565 470 1595 in
488 1564 678 1604 Delph.—3
695 1565 752 1596 Ita
768 1565 946 1606 rescripsit
962 1565 1129 1597 Obrecht.
1142 1574 1184 1596 ex
1202 1564 1287 1606 Arg.
1298 1565 1383 1597 Cod.
1395 1564 1451 1596 ubi
1467 1563 1628 1602 Locicum,

166 1610 202 1636 et
217 1605 260 1637 ex
275 1606 369 1637 Med.
387 1607 443 1637 ubi
468 1607 591 1638 docum.
624 1608 634 1624 ‘
649 1608 738 1638 Nam
754 1608 902 1645 Locrum,
920 1608 1009 1649 quod
1038 1613 1090 1640 est
1113 1609 1148 1639 in
1176 1608 1337 1649 vulgatis,
1365 1608 1477 1639 locum
1505 1606 1623 1647 utique

169 1648 225 1679 hic
242 1657 308 1680 non
324 1649 449 1688 habet;
473 1658 550 1681 cum
566 1649 608 1681 ad
625 1649 758 1682 Iolcum
775 1650 849 1682 haec
864 1651 933 1683 sint
948 1653 1069 1692 gesta.'
1515 1645 1520 1651 ’

822 1775 966 1809 NOTAE

209 1876 226 1892 ¹
247 1871 462 1912 Appulsusque
488 1872 529 1903 ad
563 1871 732 1913 Sepiadum
760 1872 867 1914 linus]

164 1922 285 1963 Sepias
301 1922 489 1962 Magnesiae
506 1931 600 1961 saxa,
624 1932 644 1952 a
659 1923 752 1963 pisce
768 1921 867 1960 σηπία

164 1974 214 2005 sic
244 1973 348 2008 dicta,
383 1976 420 2003 ut
448 1971 556 2010 aiunt,
584 1971 676 2013 quod
712 1982 788 2003 cum
818 1973 865 2004 ibi

163 2023 283 2054 Thetis
318 2021 428 2053 varias
466 2020 591 2052 formas
619 2021 800 2054 induceret
828 2026 867 2054 ut

165 2075 272 2106 Peleo
304 2072 511 2110 elaberetur,
534 2073 691 2103 ultimum
718 2081 791 2104 sese
830 2073 865 2104 in

163 2123 293 2164 sepiam
330 2122 534 2153 immutavit.
578 2121 646 2153 Sed
680 2121 783 2153 miror
811 2121 865 2153 hic

163 2171 427 2213 Neoptolemum
455 2170 497 2202 ab
524 2171 629 2211 Epiro
653 2171 864 2212 Magnesiam

163 2221 356 2262 appulsum,
371 2221 420 2251 ita
442 2225 480 2251 ut
505 2223 611 2251 totam
633 2219 804 2252 Graeciam
820 2220 864 2252 ab

161 2271 261 2302 Ionio
278 2270 363 2301 mari
389 2269 431 2300 ad
455 2269 668 2310 Pelasgicum
691 2280 798 2311 usqne
820 2271 864 2302 si-

162 2331 241 2353 num
257 2319 565 2360 circumnavigarit.
600 2319 700 2353 Quod
717 2321 796 2351 mihi
814 2321 862 2351 vi·

161 2372 264 2403 detur
279 2369 490 2402 incredibile.
516 2370 631 2402 Quare
649 2374 732 2409 puto
749 2370 861 2411 potius

162 2430 276 2462 supra,
292 2430 367 2452 cum
385 2420 427 2451 de
442 2419 601 2450 Molossis
613 2419 738 2460 Dictys
753 2420 860 2461 loqui-

161 2476 231 2510 tur,
247 2470 414 2501 Molossos
437 2469 513 2500 illos
533 2468 788 2509 intelligendos,
804 2471 859 2512 qui

160 2522 196 2553 in
225 2521 400 2553 Thessalia
429 2518 570 2551 fuerunt
605 2529 673 2551 non
708 2521 810 2561 longe
840 2531 859 2552 a

160 2570 298 2603 Phthia.
344 2569 445 2603 Quod
461 2569 565 2600 etiam
580 2569 688 2609 magis
705 2570 861 2610 Euripidi

161 2621 364 2660 consentiet,
380 2620 438 2662 qui
458 2621 492 2651 in
508 2620 627 2651 eadem
643 2621 785 2652 historia
799 2621 860 2662 ait,

161 2671 427 2711 Neoptolemum
439 2670 599 2701 Phthiam
616 2670 804 2710 navigasse.

204 2725 220 2745 ¹
243 2720 381 2761 Propter
394 2729 540 2751 saxorum
561 2720 773 2762 difficultatem
796 2721 860 2762 [as-

158 2770 339 2811 peritatem]
361 2771 493 2802 Vellem
510 2780 593 2803 sane
616 2780 675 2802 nos
690 2770 863 2802 docuisset

166 2821 296 2863 Dictys,
308 2821 475 2862 quomodo
486 2822 597 2862 sepias
607 2820 861 2862 significetsaxa

918 1882 1040 1914 aspera,
1055 1872 1112 1914 qui
1127 1870 1284 1913 Sepiadis
1301 1879 1423 1902 nomen
1439 1869 1482 1901 ab
1497 1869 1623 1910 asperi-

919 1928 989 1955 tate
1005 1933 1163 1955 saxorum
1178 1923 1309 1954 dictum
1322 1920 1448 1953 tradat.
1474 1921 1548 1961 Ego
1563 1930 1622 1951 ex-

918 1974 1029 2005 istimo
1044 1974 1136 2005 illum
1154 1974 1229 2004 loco
1244 1971 1424 2004 Strabonis
1438 1970 1623 2012 deceptum

918 2023 1035 2064 fuisse,
1052 2024 1109 2065 qni
1124 2023 1250 2064 legitur
1265 2027 1419 2054 extremo
1436 2021 1495 2053 lib.
1508 2030 1561 2053 ix.
1584 2021 1620 2051 Ἢ

917 2073 1026 2113 μέντοι
1054 2073 1174 2111 Σηπιὰς
1199 2072 1280 2110 ἀκτὴ
1307 2070 1541 2112 τέτραγῷδηται
1571 2071 1623 2102 καὶ

917 2123 998 2163 μετὰ
1025 2124 1126 2155 ταῦτα
1148 2122 1311 2163 ἐξῦμνηται
1336 2121 1386 2153 διὰ
1410 2121 1467 2152 τὸν
1489 2121 1622 2152 ἐνταῦθα

918 2174 1093 2214 ἀφανισμὸν
1111 2174 1169 2205 τοῦ
1189 2173 1344 2214 Περσικοῦ
1358 2169 1489 2204 στόλου.
1527 2171 1621 2202 Ἔστι

917 2226 943 2257 δ’
965 2225 1045 2263 αὕτη
1067 2224 1124 2263 μὲν
1150 2224 1230 2261 ἀκτὴ
1254 2222 1421 2264 πετρώδης.
1465 2222 1620 2253 ‘Verum

916 2274 1035 2315 Sepias
1049 2281 1127 2306 acta
1150 2275 1184 2305 in
1199 2273 1389 2313 Tragoediis
1416 2271 1622 2311 celebratur,

916 2328 954 2355 et
983 2328 1104 2364 postea
1131 2322 1304 2354 celebrata
1332 2325 1386 2352 est
1409 2325 1551 2362 propter
1573 2320 1619 2351 ibi

914 2373 1062 2405 deletam
1087 2373 1263 2405 Persicam
1280 2372 1439 2403 classem.
1484 2371 1547 2403 Est
1561 2381 1619 2402 au-

915 2427 983 2455 tem
999 2424 1073 2454 haec
1088 2427 1165 2454 acta
1179 2421 1321 2454 saxosa.’

956 2479 970 2494 Ζ
991 2474 1036 2504 Et
1054 2471 1194 2512 sisorle]
1226 2471 1320 2504 Ferri
1335 2475 1471 2512 potest3
1503 2470 1617 2503 malim

914 2526 1041 2560 tamen,
1065 2522 1074 2539 ‘
1088 2526 1123 2552 et
1139 2521 1167 2552 si
1182 2520 1239 2563 qui
1254 2519 1383 2561 forte3'
1407 2521 1461 2552 vel
1484 2521 1494 2539 ‘
1507 2526 1543 2553 et
1558 2521 1617 2562 qui

913 2571 1025 2604 forte.’

958 2626 973 2642 ’ὁ
994 2620 1124 2651 Iolcium
1137 2618 1303 2660 [Locrum]
1318 2618 1484 2660 simulans]
1514 2619 1616 2651 Locri

915 2670 958 2702 ad
986 2669 1109 2710 pedem
1137 2669 1323 2701 Parnassi:
1360 2669 1420 2700 sed
1445 2673 1525 2701 nota
1550 2669 1617 2710 hic,

916 2721 1042 2752 Locros
1066 2724 1102 2750 et
1127 2719 1306 2752 Thessalos
1331 2718 1466 2752 diverso
1488 2719 1615 2751 vestitu

915 2779 992 2802 usos
1008 2769 1122 2802 fuisse.
