1915 3231
254 223 310 264 56
600 232 703 264 JAc.
737 232 992 264 PERlZONll
1028 233 1355 265 DISSERTATIO

256 336 325 371 tur
354 330 503 384 potius
531 330 603 372 hic
637 331 760 372 locus
789 345 847 373 ex
877 345 932 374 eo
962 333 1007 373 in
1035 332 1148 374 hunc
1178 346 1371 386 sensum,
1400 338 1448 376 ut
1480 346 1561 375 rex
1591 347 1692 375 cum

256 396 465 446 Hecuba,
506 397 642 451 hujus
690 398 879 448 hortatu,
922 398 1147 440 Helenam
1194 400 1364 443 adierit.
1444 401 1691 454 Utrumque

255 465 368 506 enim
397 466 475 506 ille
502 467 564 508 ait
592 465 756 520 pariter
786 467 931 520 egisse
960 480 1060 508 cum
1083 467 1271 510 Helena.
1329 469 1449 511 Vide
1479 469 1696 510 eum12o.

255 537 300 573 et
319 532 415 574 121.

314 611 345 640 1.
374 599 442 640 11.
476 602 489 620 ‘
506 598 693 654 Ulysses
729 599 1005 641 contestandi
1025 601 1164 654 magis
1185 602 1342 654 gratia,
1373 614 1505 655 quam
1527 601 1698 655 aliquid

255 678 311 707 ea
344 666 537 707 oratione
573 666 853 720 profuturus.²
910 667 1082 708 Nescio
1118 668 1230 708 unde
1263 670 1309 709 in
1340 681 1471 709 usum
1492 668 1700 722 Delphini

256 732 422 773 editum
462 733 520 774 sit
558 733 893 786 ‘promoturus.’
964 733 1156 787 Propius
1192 739 1238 775 et
1276 736 1554 788 probabilius
1593 734 1700 776 mihi

256 798 431 840 videtur
451 801 464 819 ‘
480 798 784 852 profecturus-³
843 800 918 840 Sic
941 799 1116 840 Hirtius
1137 801 1191 841 B.
1211 800 1347 843 Alex.
1371 802 1439 843 12.
1462 804 1475 823 ‘
1493 803 1703 855 quantum

256 866 451 918 parvulis
472 865 661 918 navigiis
680 865 991 919 profecissent,
1016 866 1288 908 sentiebant?

314 943 367 972 11.
388 933 430 973 9.
461 935 474 953 ‘
492 932 540 973 Is
563 944 750 985 namque
779 937 1035 973 summoesto
1057 945 1111 973 ac
1144 933 1264 975 luctu
1299 934 1445 975 obsito
1467 933 1700 987 Agamem-

258 998 392 1040 noni.'
451 999 523 1041 Ita
553 998 712 1048 edidit,
733 1004 783 1039 ut
804 999 921 1040 credi
943 1012 1025 1052 par
1048 1004 1130 1049 est,
1162 1013 1220 1041 ex
1253 1000 1363 1041 Mss.
1383 1001 1453 1042 vel
1475 1000 1702 1042 Mercerus

257 1065 462 1119 primum,
482 1065 555 1106 vel
577 1064 843 1114 Obrechtus,
864 1078 963 1106 cum
984 1066 1084 1106 aliae
1113 1066 1210 1108 cdd.
1230 1066 1392 1119 legant,
1420 1068 1488 1108 ‘is
1508 1080 1699 1120 namque

259 1131 335 1172 diu
367 1134 531 1172 moesto
568 1131 688 1172 luctu
720 1132 864 1172 obsito
899 1131 1072 1184 Agam.'
1130 1132 1224 1185 Ego
1256 1132 1497 1174 Msstorum
1517 1134 1704 1186 vestigia

260 1201 435 1239 secutus
468 1198 633 1247 malim,
665 1199 679 1219 ‘
699 1210 865 1238 summe
893 1202 1069 1248 moesto,
1102 1211 1156 1240 ac
1189 1198 1311 1240 luctu
1347 1199 1494 1241 obsito
1530 1198 1704 1252 Agam.'

258 1265 380 1306 Nam
418 1263 762 1305 ‘summoestus'
795 1277 881 1305 non
914 1268 1078 1305 tantum
1099 1265 1295 1306 insolens
1326 1270 1397 1306 est
1416 1265 1702 1316 vocabulum,

259 1331 337 1373 sed
358 1335 402 1372 et
427 1344 454 1372 a
475 1344 647 1372 summo
677 1343 827 1372 revera
847 1330 1192 1384 Agamemnonis
1222 1333 1346 1374 luctu
1377 1333 1582 1383 alienum,
1603 1345 1703 1374 cum

259 1398 418 1440 vocula
437 1401 449 1419 ‘
470 1399 552 1439 sub
568 1399 578 1416 '
614 1399 658 1438 in
679 1399 934 1452 compositis
961 1399 1154 1440 minuere
1175 1400 1319 1441 soleat
1339 1399 1704 1452 significationem

260 1465 540 1519 simplicium.
600 1464 837 1506 ‘Summe'
878 1468 1025 1505 autem
1063 1467 1277 1507 usitatum
1315 1465 1448 1506 etiam
1489 1464 1704 1507 Classicis

260 1537 326 1574 est
364 1532 630 1572 auctoribus.
689 1530 781 1572 Cic.
814 1530 941 1572 Fam.
980 1543 1046 1571 lv.
1078 1532 1119 1573 3.
1150 1535 1163 1553 ‘
1184 1532 1375 1573 omnium
1407 1532 1703 1574 doctrinarum

263 1610 433 1640 summe
473 1597 730 1639 studiosus.'
789 1597 846 1639 Et
873 1609 939 1638 ιν.
965 1599 1007 1639 ’7.
1042 1602 1235 1640 ‘summe
1268 1597 1495 1640 diffidere!
1555 1599 1704 1640 Plaut.

262 1666 397 1707 Milit.
422 1675 487 1706 lv,
508 1666 549 1706 4.
571 1665 641 1706 29.
672 1668 684 1685 ‘
704 1664 883 1705 Summe
903 1665 1117 1718 cupiens.²

322 1742 372 1772 11.
394 1732 462 1773 13.
483 1730 881 1772 ‘Maeandriorum.’
940 1731 1133 1772 Videtur
1152 1744 1260 1772 sane
1282 1731 1510 1785 legendum
1529 1734 1542 1752 ‘
1556 1730 1705 1773 Nean-

264 1796 488 1840 driorum.’
535 1797 701 1838 Forsan
723 1798 855 1838 etiam
876 1798 1011 1852 paulo
1038 1802 1141 1839 ante
1177 1797 1593 1839 ‘Neandriensium’
1623 1811 1704 1852 pro

262 1870 274 1887 ‘
292 1863 657 1906 Mentorensium.'
717 1864 835 1905 Nam
865 1865 971 1906 nulli
990 1865 1165 1906 fuerunt
1185 1865 1230 1906 in
1249 1865 1424 1906 Troade
1457 1864 1706 1913 Maeandrii,

262 1932 372 1973 nulli
394 1932 712 1973 Mentorenses.
771 1931 831 1972 Et
870 1932 1008 1973 solam
1042 1932 1301 1973 Neandrum
1331 1932 1485 1973 urbem
1515 1931 1708 1972 Troadis

263 1999 308 2039 in
347 1999 432 2040 hac
475 1997 613 2052 Cygni
652 1997 837 2038 historia
874 2003 1117 2039 memorant
1154 1997 1345 2039 Malelas
1381 2004 1426 2039 et
1464 1997 1707 2039 Cedrenus.

266 2065 399 2115 Quod
422 2069 569 2105 autem
592 2063 805 2105 Neandrii
832 2064 903 2105 hic
940 2068 953 2087 ‘
971 2065 1125 2106 fideles
1155 2068 1287 2118 atque
1309 2064 1563 2106 amicissimi
1584 2063 1709 2105 Grae-

267 2133 332 2172 cis
354 2131 411 2172 ad
430 2131 512 2172 hoc
534 2134 703 2184 tempus
724 2131 1044 2183 permansisse'
1079 2132 1296 2180 dicuntur,
1317 2130 1363 2171 id
1382 2130 1710 2184 intelligendum

267 2203 370 2238 tunc
402 2197 518 2238 foret
547 2198 603 2238 ab
629 2210 682 2237 eo
719 2201 911 2250 tempore
932 2210 1092 2251 usque,
1123 2210 1211 2251 quo
1244 2210 1293 2238 se
1325 2196 1500 2238 Graecis
1531 2196 1710 2238 dedide-

265 2267 378 2305 runt.
436 2263 492 2304 Et
512 2262 717 2305 videntur
736 2263 805 2304 his
826 2263 977 2305 verbis
1007 2264 1170 2317 respici
1203 2275 1309 2304 sane
1340 2264 1583 2316 superiora,
1604 2266 1617 2284 ‘
1634 2262 1709 2304 Ci-

267 2331 449 2372 vitatem
471 2329 712 2378 innoxiam,
733 2333 778 2370 et
805 2329 941 2382 paulo
962 2333 1063 2382 post
1083 2339 1242 2370 FlDAM
1267 2329 1384 2370 sibi!
1447 2329 1586 2370 Paulo
1608 2334 1710 2370 ante

267 2396 385 2438 filios
417 2395 555 2450 Cygni
585 2398 598 2417 ‘
616 2396 768 2438 Coben
788 2394 798 2411 '
836 2400 880 2437 et
919 2395 1217 2437 ‘Cocarcum'
1264 2395 1460 2437 nominat
1500 2395 1711 2444 Malelas,

267 2464 404 2504 filiam
423 2476 524 2504 vero
545 2475 673 2516 aeque
694 2475 747 2504 ac
770 2462 933 2504 Noster
952 2462 1174 2504 Glaucen.

328 2542 381 2571 11.
403 2531 473 2570 15.
503 2532 515 2550 ‘
534 2529 604 2570 Ob
630 2543 818 2571 amorem
837 2529 963 2570 ducis
984 2529 1028 2569 in
1051 2528 1322 2571 exercitum.’
1381 2527 1499 2580 Lege
1519 2528 1712 2578 omnino,

269 2594 520 2645 ‘exercitu‚'
551 2601 600 2636 ut
619 2596 753 2649 paulo
776 2601 875 2637 ante
895 2595 948 2636 de
968 2595 1133 2645 eodem,
1163 2598 1176 2616 ‘
1190 2596 1255 2637 vir
1275 2594 1466 2648 optimus
1485 2598 1713 2647 acceptus-

271 2677 354 2716 que
374 2664 417 2703 in
436 2662 662 2712 exercitu,'
678 2663 753 2703 ubi
773 2663 886 2704 male
907 2666 950 2703 et
965 2662 1058 2703 sine
1080 2675 1216 2704 causa
1231 2660 1511 2713 vindingius‚
1534 2662 1715 2714 ‘accep-

271 2733 430 2781 tusque
461 2729 704 2771 exercitui?
736 2742 834 2772 cum
864 2735 908 2772 ct
937 2729 1050 2771 infra
1080 2743 1118 2770 c.
1148 2730 1216 2771 29.
1249 2728 1303 2769 de
1344 2728 1495 2768 eodem
1528 2727 1717 2777 dicatur,
