1915 3231
261 291 344 332 196
719 301 929 333 DicTYos
963 301 1236 332 cRE'rENffls

1105 394 1211 450 [12]
1234 393 1321 435 His
1342 393 1456 436 actis
1480 392 1707 436 Achilles⁷

1697 459 1711 482 f

261 395 358 436 sine
380 408 539 448 magno
556 396 718 449 gemitu
741 395 1045 437 cernebantur.

259 467 426 513 monet,
453 464 517 504 uti
549 464 758 505 custodes
779 463 954 516 vigilias
976 475 1104 516 agere
1125 466 1338 512 curarent,
1358 475 1505 516 nequa
1532 462 1696 511 hostes,

262 529 454 570 detentis
476 531 592 571 circa
613 530 744 572 sunus
764 531 944 579 nostris,
964 541 1084 570 more
1105 529 1239 570 solito
1261 530 1483 570 irruerent.
1533 529 1608 571 Ita
1628 541 1710 581 per

259 597 616 639 distributionem
637 597 784 639 officia
813 610 893 638 sua
913 597 1102 651 quisque
1133 602 1419 651 procurantes
1450 596 1542 650 igni
1571 595 1708 650 pluri-

257 677 330 705 mo
343 670 360 694 ἐ’
390 665 436 705 in
458 666 589 706 armis
611 668 878 719 pernoctant.
937 664 1000 706 At
1018 665 1133 705 lucis
1151 665 1370 718 principio
1391 665 1550 718 placet,
1565 664 1629 705 uti
1649 675 1707 703 ex

256 730 374 771 omni
407 730 568 772 ducum
595 744 777 772 numero
795 732 986 785 quinque
1017 731 1061 772 in
1093 736 1287 772 montem
1322 731 1451 772 Idam
1468 727 1706 772 vaderenth

258 798 430 851 sylvam
445 810 627 848 caesum,
640 798 745 852 quo8
761 798 997 839 Patroclus
1013 802 1296 839 cremaretur:
1310 798 1531 839 decretum
1539 797 1706 851 quippe

259 865 315 904 ab
339 865 543 905 omnibus
564 870 673 915 erat,
703 865 771 906 uti
800 865 934 906 funus
964 865 1060 918 ejus
1091 865 1270 918 publice
1299 862 1547 906 curaretur.i
1606 864 1703 904 Iere

255 930 387 982 igitur
408 931 647 982 Ialmenus,
681 931 978 985 Ascalaphus,
1002 931 1159 984 Epios,
1180 935 1225 972 et
1244 944 1342 972 cum
1365 931 1563 972 Merione
1583 928 1706 982 AJax

255 997 375 1037 alter.
449 998 649 1052 Moxque
674 998 860 1051 Ulysses
881 1002 924 1039 et
946 998 1189 1039 Diomedes
1214 999 1346 1039 busto
1368 999 1513 1039 locum
1536 997 1706 1038 dimeti-

256 1066 397 1113 untur,
418 1065 609 1118 quinque
632 1065 854 1105 hastarum
877 1062 1182 1117 longitudine,k
1205 1065 1475 1118 totidemque
1497 1065 1539 1105 in
1562 1069 1701 1104 trans-

255 1142 447 1172 versum.
489 1129 694 1172 Advecta
713 1131 869 1172 deinde
884 1131 990 1183 ligni
1012 1132 1142 1184 copia
1163 1132 1338 1172 bustum
1355 1132 1606 1180 exstruitur,
1624 1131 1704 1170 im-

256 1197 542 1250 positumque
562 1198 751 1252 desuper
771 1198 962 1239 cadaver
978 1198 1066 1251 igni
1088 1199 1326 1251 supposito
1345 1203 1554 1248 cremant,
1573 1210 1703 1238 exor-

254 1267 404 1303 natum
419 1263 516 1316 jam
535 1263 695 1305 decore
715 1265 834 1305 omni
854 1264 1070 1318 preciosae
1086 1265 1246 1317 vesti53
1266 1265 1311 1306 id
1328 1278 1516 1318 namque
1525 1264 1702 1318 Hippo-

857 1382 896 1394 oe
900 1382 1098 1395 meeee‘te

253 1466 372 1488 nerum
390 1466 452 1497 per
468 1458 541 1489 loca
557 1457 710 1498 corporis
725 1457 1011 1499 pudibunda.'-—7
1029 1458 1137 1490 Deest
1152 1458 1300 1499 Achilles,
1317 1458 1349 1489 in
1369 1457 1556 1499 Delph.—8
1579 1458 1704 1500 Delph.

909 1564 1048 1597 NOTAE

1006 1650 1111 1682 (laver
1127 1650 1331 1682 miserabile.
1375 1651 1423 1683 At
1443 1661 1504 1683 rex
1528 1652 1705 1692 Agamem-

1006 1711 1074 1733 non
1102 1703 1284 1743 Mulosque
1313 1702 1442 1733 excivit
1473 1708 1508 1733 et
1535 1704 1633 1739 viros,
1660 1703 1703 1735 ad

1006 1752 1260 1784 convehendam
1286 1753 1477 1792 materiam,
1499 1753 1657 1795 Undique
1683 1764 1703 1786 e

297 1649 310 1669 f
320 1650 431 1689 Nequa
442 1649 567 1689 [neque]
578 1649 694 1690 hostes]
706 1649 782 1681 Hoc
793 1659 860 1681 non
877 1659 952 1690 pro-

256 1700 371 1731 cedit:
390 1705 521 1731 certum
536 1705 589 1730 est
606 1700 673 1740 legi
690 1700 827 1733 debere,
845 1700 854 1716 ‘
866 1708 951 1731 neve

252 1750 392 1789 110stes‚’
406 1753 470 1781 διο.
511 1750 664 1782 Achilles
681 1756 808 1789 monet,
823 1756 861 1781 nt
877 1761 951 1782 cus-

253 1801 351 1831 rodes
364 1801 494 1840 vigilias
508 1805 660 1840 agerent,
677 1810 762 1831 neve
778 1801 893 1832 hostes
909 1801 951 1832 ir-

253 1855 412 1888 ruerent3
430 1849 551 1879 nostris
569 1849 716 1880 detentis
732 1851 825 1880 circa
841 1849 952 1882 funus.

295 1905 310 1926 g
334 1899 410 1938 Igni
422 1898 570 1938 plurimo]
593 1898 735 1939 supple,
755 1899 871 1930 ‘cum'
896 1900 951 1931 vel

252 1949 261 1966 ⁴
276 1949 344 1988 igni
362 1948 505 1988 plurimo
522 1947 690 1979 accenso.'

296 1998 311 2018 ¹²
337 1998 479 2037 Quinque
494 1998 528 2028 in
543 2000 673 2029 montem
689 1997 777 2029 Idam
793 1999 950 2035 raderent,

252 2048 322 2089 ‹ij-a]
340 2050 390 2079 Ex
406 2048 544 2078 Homer.
559 2048 622 2078 hoc
637 2057 782 2088 quoque,
793 2049 851 2079 sed
869 2049 952 2079 levi-

253 2105 308 2131 ter
324 2099 538 2129 immutatum
554 2109 561 2129 :
585 2098 754 2128 Homerus
770 2098 859 2128 enim
877 2099 952 2129 Me-

252 2150 381 2180 rionem
401 2153 532 2179 tantum
549 2149 712 2179 nominat.
738 2148 779 2178 Il.
793 2152 834 2180 Ψ.
854 2152 952 2189 Μυρο-

252 2199 371 2236 μένοισι
393 2198 425 2229 δὲ
440 2200 522 2228 τοῖσι
543 2198 624 2237 φάνη
647 2196 872 2237 ῥοδοδάκτυλος
893 2199 953 2235 ἠὼς

253 2249 349 2288 Ἀμφὶ
367 2248 456 2279 νέκυν
468 2247 615 2279 ἐλεεινόν.
635 2248 729 2288 Ἀτὰρ
738 2248 844 2288 κρείων
859 2249 952 2287 Ἀγα-

251 2299 373 2338 μέμνων
384 2297 506 2339 Οὐρῆάς
516 2299 543 2329 τ’
556 2299 673 2337 ὤτρυνε
687 2297 738 2329 καὶ
753 2297 872 2338 ἀνέρας,
886 2297 953 2337 ἀξέ-

251 2362 309 2389 μεν
331 2350 421 2389 ὕλην,
447 2349 603 2381 Πάντοθεν
628 2350 663 2380 ἐκ
691 2351 829 2381 κλισιῶν.
854 2349 902 2380 ἐπὶ
925 2350 950 2380 δ’

252 2401 328 2440 ἀνὴρ
354 2399 465 2431 ἐσθλὸς
491 2400 593 2440 ὀρώρει
622 2400 786 2439 Μηριόνης,
815 2398 951 2439 θεράπων

252 2450 448 2491 ἀγαπήνορος
461 2451 643 2488 Ἰδομενῆος.
668 2449 707 2480 Οἱ
718 2449 744 2480 δ’
757 2449 827 2480 ἴσαν
840 2449 951 2480 ὑλοτό·

251 2513 325 2539 μους
336 2499 486 2531 πελέκεας
495 2500 528 2530 ἐν
535 2498 644 2540 χερσὶν
657 2498 797 2539 ἔχοντες,
805 2498 910 2539 Σειράς
920 2500 948 2530 τ’

252 2549 449 2581 εὐπλέκτους·
481 2549 540 2591 πρὸ
559 2550 584 2580 δ’
611 2549 656 2590 ἄρ’
680 2549 787 2590 οὐρῆες
811 2549 876 2580 κίον
897 2550 950 2580 αὐ-

252 2599 324 2631 τῶν·
352 2599 465 2631 Πολλὰ
479 2600 505 2630 δ’
521 2598 650 2639 ἄναντα,
673 2599 821 2640 κάταντα,
836 2598 951 2640 πάραν-

252 2649 292 2679 τά
307 2660 343 2680 τε
353 2648 466 2688 δόχμιά
486 2649 515 2679 τ’
527 2647 634 2686 ἦλθον·
654 2649 742 2680 Ἀλλ’
759 2649 813 2680 ὅτε
828 2649 865 2687 δὴ
880 2661 951 2687 κνη-

250 2699 326 2737 μοὺς
340 2698 498 2739 προσέβαν
510 2699 715 2731 πολυπίδακος
732 2698 826 2739 Ἴδης,
848 2698 951 2730 Αὐτίκ’

253 2749 312 2788 ἄρα
353 2750 422 2789 δρῦς
455 2749 616 2788 ὑψικόμους
651 2749 801 2786 ταναηκέὶ·
839 2749 952 2788 χαλκῷ

252 2799 372 2836 Τάμνον
384 2800 581 2838 ἐπειγόμενοι.
595 2800 605 2816 ‘
618 2800 826 2840 Lugentibus
836 2805 949 2831 autem

254 2848 336 2887 ipsis
353 2851 508 2889 apparuit
526 2859 621 2880 rosea
638 2859 757 2881 aurora
781 2850 879 2882 Circa
896 2860 949 2882 ca·

1006 1803 1176 1834 tentoriis.
1219 1802 1323 1834 Simul
1351 1808 1463 1834 autem
1481 1804 1530 1834 vir
1546 1808 1703 1835 strenuus

1005 1853 1224 1884 excitabatur
1248 1853 1435 1893 Meriones,
1457 1854 1612 1885 minister
1635 1854 1703 1885 for-

1006 1903 1048 1934 tis
1065 1903 1248 1934 Diomedis.
1296 1903 1341 1934 Hi
1367 1913 1446 1934 vero
1470 1903 1578 1943 ibant,
1604 1905 1703 1944 ligni-

1005 1961 1100 1983 secas
1126 1962 1264 1984 secures
1293 1953 1326 1983 in
1350 1953 1502 1984 manibus
1525 1954 1703 1990 habentes,

1007 2002 1180 2043 Funesque
1200 2003 1285 2033 bene
1302 2004 1478 2043 implexos.
1506 2002 1597 2034 Ante
1612 2003 1702 2043 ipsos

1005 2051 1102 2082 ibant
1127 2051 1219 2082 muli.
1265 2052 1443 2093 Multaque
1468 2053 1623 2091 acchvia,
1645 2054 1702 2084 de-

1007 2101 1122 2141 clivia,
1146 2106 1402 2142 praeruptaque,
1440 2107 1701 2144 transversaque

1008 2150 1229 2182 transierunt.
1273 2150 1322 2182 At
1339 2161 1414 2182 cum
1431 2151 1472 2182 ad
1493 2152 1577 2193 juga
1601 2162 1700 2184 vene·

1006 2204 1084 2230 rant
1109 2198 1252 2231 fontosae
1280 2200 1352 2231 Idae
1379 2201 1540 2232 Protinus
1565 2201 1701 2242 quidem

1005 2258 1150 2289 quercus
1173 2250 1350 2281 alticomas
1376 2251 1446 2282 lato
1467 2250 1558 2283 ferro
1573 2251 1701 2283 incide·

1005 2298 1087 2330 bant
1102 2299 1327 2332 festinantes.'

1047 2348 1054 2369 i
1077 2349 1208 2381 Publice
1229 2350 1404 2391 curaretur]
1430 2351 1469 2381 Id
1494 2356 1559 2392 est,
1577 2355 1614 2382 ut
1631 2361 1700 2383 om-

1004 2407 1062 2428 nes
1098 2398 1176 2429 liuic
1217 2398 1322 2429 funeri
1368 2406 1540 2432 vacarent.
1611 2402 1699 2432 Nam

1005 2449 1103 2479 aliter
1129 2447 1230 2479 funus
1254 2449 1389 2488 publice
1415 2450 1526 2480 curari
1552 2455 1587 2482 et
1615 2451 1699 2492 pub-

1005 2497 1069 2529 lice
1098 2497 1171 2529 fieri
1200 2497 1336 2533 dicitur,
1374 2498 1462 2539 quod
1491 2497 1529 2529 fit
1560 2500 1700 2540 publico

1004 2553 1127 2579 sumtu.

1045 2597 1060 2617 Β
1079 2597 1220 2638 Quinque
1228 2597 1386 2628 hastarum
1395 2597 1605 2638 longitudine]
1622 2597 1700 2629 Hoc

1004 2648 1107 2679 etiam
1130 2656 1173 2678 ex
1190 2647 1354 2686 Homero,
1381 2647 1440 2677 sed
1462 2647 1699 2685 immutatum;

1003 2699 1052 2729 sic
1068 2698 1157 2728 enim
1174 2698 1242 2729 ille.
1261 2697 1401 2734 Ποίησαν
1413 2696 1446 2728 δὲ
1457 2697 1555 2737 πυρὴν
1569 2697 1701 2737 ἑκατόμ·

1002 2749 1098 2778 ποδον
1125 2748 1197 2779 ἔνθα
1221 2747 1271 2778 καὶ
1299 2747 1381 2778 ἔνθα.
1420 2752 1429 2765 ‘
1446 2748 1616 2780 Fecerunt
1642 2758 1700 2780 au·

1004 2804 1073 2830 tem
1091 2808 1208 2839 pyram
1224 2803 1359 2830 centum
1386 2797 1520 2839 pedum,
1544 2807 1586 2830 ex
1609 2799 1698 2830 omni

1002 2848 1121 2889 parte!
