1915 3231
489 336 551 369 DE
584 335 738 367 nanno
771 334 997 365 TROJANO
1036 334 1128 365 Lm.
1163 336 1215 365 11.
1486 325 1569 367 177

128 431 357 479 sumserat,
378 425 520 482 Epios
534 427 549 451 ὓ
569 428 692 469 brevi
711 427 916 469 restituit.
956 426 1161 480 Tumque
1182 426 1347 477 Graeci,
1366 427 1450 468 rati
1469 432 1572 480 post

126 495 290 537 malam
310 507 501 548 pugnam
521 494 734 548 Trojanos
755 493 936 534 ulterius
950 492 1060 533 nihil
1080 493 1241 534 hostile
1256 505 1458 543 ausurOS,
1475 493 1573 546 qui-

129 561 190 603 eti
210 573 264 602 ac
285 562 381 602 sine
402 566 559 603 terrore
580 574 722 613 egere.
781 560 886 614 [452]
910 559 997 600 Per
1013 559 1129 600 idem
1149 563 1327 613 tempus
1340 566 1355 583 ‘³
1377 559 1572 610 Rhesus,

129 627 304 669 Eione4
332 626 563 681 genituszd
592 627 707 668 haud
728 628 900 668 alienus
926 639 954 667 a
984 626 1151 667 Priami
1173 627 1405 676 amicitia,e
1439 630 1574 679 pacta

127 692 349 735 mercedef
385 707 486 736 cum
523 695 695 747 magnis
735 693 959 734 Thracum
998 693 1146 745 copiis
1188 692 1466 734 adventabat.
1526 691 1573 732 Is

128 761 347 802 incidente
359 761 456 815 jam
468 773 655 814 vespera
670 760 895 815 paulisper
909 763 1108 801 moratus
1127 761 1246 814 apud
1265 759 1574 814 peninsulam,g

129 840 231 881 quae
270 828 525 881 anteposita
560 827 729 868 civitati
747 832 761 856 ⁵
801 826 1039 867 continenti
1069 825 1165 879 ejus
1201 825 1468 879 adjungitur,
1507 837 1575 865 se-

129 894 276 936 cunda
295 894 471 936 circiter
491 892 669 947 vigiliah
690 895 909 947 ingressus
929 893 1150 947 Trojanos
1171 905 1365 946 campos,
1388 891 1575 945 explici-

131 961 276 1015 tisque
297 960 520 1003 tentoriisi
549 960 711 1003 ibidem
734 956 1084 1014 opperiebatur.¹‘
1144 958 1278 1009 Quod
1297 959 1372 1000 ubi
1393 959 1575 1000 Diome-

734 1074 970 1088 ”oetaeo-0900

131 1166 168 1187 uc
183 1156 271 1187 modo
285 1156 411 1188 Nestor.
433 1155 474 1187 In
488 1155 574 1187 Mss.
586 1154 719 1187 Ammon
731 1153 979 1194 Nestorque.-—*
996 1152 1121 1193 Delph.
1132 1152 1379 1184 admittunt.—4
1392 1153 1448 1184 Sic
1464 1163 1578 1185 emen-

133 1199 228 1230 davit
243 1199 393 1231 Mercer.
411 1199 502 1239 vulg.
517 1198 637 1229 Rhesus
649 1198 686 1229 de
703 1197 824 1228 Eroneo
836 1195 974 1235 genitus.
997 1195 1040 1226 In
1054 1195 1138 1227 Mss.
1149 1195 1191 1228 R.
1201 1195 1329 1227 sissione
1337 1199 1433 1235 g.—5
1448 1197 1576 1238 Delph.

782 1301 929 1334 NOTAE

174 1377 190 1400 b
214 1378 327 1419 Epios]
355 1377 475 1419 Epius.
491 1378 615 1420 Epeus,
632 1376 688 1419 qui
703 1385 826 1418 equum

133 1428 283 1470 ligneum
295 1427 489 1460 fabricavit.

176 1483 190 1500 ⁶
206 1479 272 1510 Per
284 1479 364 1509 idem
378 1478 511 1519 tempus]
527 1477 711 1510 Historiam
722 1476 827 1509 Rhesi

135 1531 213 1568 post
235 1527 390 1559 incensas
413 1537 517 1559 naves
541 1532 659 1559 narrat
681 1528 826 1568 Dictys:

135 1577 305 1609 Homerus
321 1587 402 1609 vero
415 1582 450 1609 et
466 1577 536 1614 alii,
550 1581 628 1609 ante
641 1587 696 1608 eas
712 1577 826 1608 incen-

134 1636 202 1666 sas,
229 1631 266 1658 et
290 1626 408 1657 eadem
433 1630 548 1666 nocte,
572 1635 636 1667 qua
651 1626 765 1657 Doion
783 1625 825 1656 ab

134 1675 259 1716 Ulysse
274 1681 309 1707 et
330 1675 494 1707 Diomede
510 1675 721 1716 interceptus
737 1675 826 1706 occi-

134 1725 237 1757 ditur.
290 1725 429 1756 Homer.
459 1725 502 1756 11.
532 1729 570 1757 K.
607 1724 761 1766 Euripid.
791 1725 826 1756 in

133 1774 258 1806 Rheso.

175 1823 190 1844 '¹
215 1824 313 1855 Eione
325 1823 467 1864 genitus]
489 1824 635 1855 Rhesum
654 1823 772 1854 Eionei
789 1822 828 1854 fi-

132 1873 213 1905 lium
228 1872 311 1905 facit
326 1874 507 1906 Homerus.
541 1874 668 1904 Verum
686 1873 741 1904 alii
757 1882 826 1904 om-

131 1932 191 1954 nes
220 1932 294 1954 eum
330 1923 517 1964 Strymonis
546 1923 649 1954 filium
687 1923 827 1963 dicunt;

133 1973 220 2014 quod
237 1978 274 2004 ut
288 1974 447 2005 conciliet
463 1974 580 2005 Conon
596 1973 657 2011 ait,
676 1972 826 2014 Strymo-

132 2032 209 2055 nem
224 2021 361 2054 fluvium
378 2023 458 2054 olim
474 2023 601 2054 dictum
620 2024 629 2041 ‘
642 2022 830 2054 monemus

134 2072 234 2104 Rhesi
247 2077 388 2104 matrem
403 2073 461 2104 aiii
477 2073 662 2114 Euterpen,
675 2073 732 2104 alii
746 2073 827 2104 Ter-

131 2123 310 2164 psichoren
325 2127 461 2155 vocant.

173 2178 188 2195 e
210 2173 309 2205 Haud
332 2173 449 2205 alienus
474 2182 493 2204 α
519 2173 645 2205 Priami
672 2173 828 2216 amicilia]

133 2224 319 2264 Cognatum
343 2233 419 2255 eum
443 2227 545 2255 vocat
578 2224 712 2256 Hector
734 2225 826 2266 apud

132 2273 287 2314 Euripid.
311 2273 344 2305 in
370 2273 501 2305 Rheso:
529 2273 572 2306 Σὺ
586 2274 613 2305 δ’
628 2274 757 2314 ἐγγενὴς
772 2275 825 2317 ὢν,

132 2323 285 2366 βαρβαρός
309 2335 358 2364 τε,
381 2322 552 2365 βαρβάρους
567 2323 726 2362 *Ἕλλησιν
747 2324 827 2364 ἡμᾶς

132 2374 276 2415 προῦπιες
289 2372 326 2405 τὸ
338 2372 394 2405 σὺν
408 2372 510 2415 μέρος.
526 2377 535 2393 ⁶
548 2375 596 2405 Tu
610 2384 689 2407 vero
702 2385 826 2417 cogna-

135 2427 190 2455 tus
212 2423 374 2464 existens,
401 2428 437 2455 et
459 2423 637 2466 barbarus,
661 2425 826 2457 barbaros

134 2473 267 2506 Graecis
288 2483 350 2506 nos
372 2474 576 2515 propinasti,
602 2480 763 2517 quantum
791 2476 825 2507 iu

133 2527 169 2556 te
185 2522 271 2555 fuit.’

175 2573 187 2595 s
205 2575 306 2606 Pacta
319 2575 468 2617 mercede]
488 2575 590 2608 Unde
605 2576 669 2608 hoc
683 2576 827 2618 Dictys?

133 2624 266 2657 Hector
280 2626 367 2657 enim
385 2626 474 2667 apud
503 2627 712 2668 Euripidem,
738 2627 828 2658 dona

133 2678 263 2706 tantum
279 2675 381 2707 missa
393 2681 647 2709 commemorat.
680 2676 779 2709 Ποίων
794 2675 828 2708 δὲ

136 2724 236 2765 δώρων
249 2722 365 2763 κόσμον
375 2725 430 2757 οὐκ
441 2724 627 2767 ἐπέμψαμεν.
652 2727 662 2745 ‘
674 2728 827 2761 Quorum

136 2783 217 2805 vero
241 2774 402 2807 donorum
426 2783 581 2808 ornatum
597 2787 664 2809 non
678 2777 828 2809 misimus

137 2823 224 2855 ubi)

181 2879 196 2901 ε
209 2873 300 2914 Apud
307 2876 514 2917 peninsulam]
532 2878 610 2910 Non
621 2877 719 2911 video
729 2887 828 2920 quam

219 2927 335 2968 Delplc.
349 2932 381 2962 et
399 2929 474 2962 ναν.
486 2930 571 2964 Οἰαε.

879 1376 1089 1417 peninsulam
1105 1376 1159 1407 hic
1174 1376 1319 1408 somniet
1337 1376 1473 1418 Dictys,
1499 1386 1575 1418 quae

880 1427 972 1457 nulla
987 1431 1051 1457 est.
1097 1427 1226 1458 Rhesus
1254 1425 1396 1458 navibus
1424 1427 1577 1467 Bospho-

881 1485 953 1506 rum
983 1476 1134 1516 trajecit,
1171 1476 1406 1517 reliquumque
1443 1477 1576 1508 itineris

859 1525 986 1565 'pedes
1008 1525 1169 1558 confecit.
1212 1525 1367 1566 Euripid.
1394 1526 1428 1557 in
1451 1527 1578 1559 Rheso.

873 1574 961 1606 ’Ἥκω
972 1574 1109 1615 περάσας
1125 1574 1214 1606 ναυσὶ
1229 1574 1357 1606 πόντιον
1368 1574 1481 1614 στόμα,
1492 1575 1538 1607 Τὰ
1551 1575 1580 1606 δ’

879 1624 964 1656 ἄλλα
978 1625 1074 1665 πεζὸς
1094 1626 1155 1665 γῆς
1169 1627 1268 1666 περῶν
1282 1625 1444 1666 ὁρίσματα.
1482 1627 1491 1644 ‘
1509 1626 1579 1658 Ve-

879 1677 936 1708 nio
962 1677 1138 1717 trajiciens
1164 1677 1308 1708 navibus
1325 1676 1429 1708 Ponti
1445 1676 1578 1717 fauces,

880 1725 974 1757 Alios
1004 1735 1084 1758 vero
1118 1725 1225 1768 pedes
1263 1729 1365 1757 terrae
1402 1726 1577 1767 trajiciens

878 1774 987 1806 fines!

920 1823 935 1845 ¹¹
958 1824 1102 1856 Secunda
1125 1825 1250 1856 circiter
1272 1824 1401 1866 vigilia]
1424 1824 1502 1857 Hoc
1525 1829 1578 1858 est

877 1880 955 1905 ante
976 1875 1124 1906 mediam
1148 1880 1307 1914 noctem;
1331 1885 1397 1916 quo
1423 1880 1577 1917 tempore

876 1934 952 1955 eum
964 1925 1128 1965 Trojanos
1145 1934 1283 1965 campos
1300 1926 1490 1966 ingressum
1507 1936 1577 1957 om·

877 1983 937 2006 nes
952 1975 1181 2006 consentiunt.
1224 1974 1325 2006 Unde
1352 1980 1470 2015 pastor
1487 1976 1577 2008 Hec-

878 2024 943 2055 tori
970 2024 1061 2064 apud
1089 2024 1288 2064 Euripidem
1315 2025 1460 2061 nuntiat,
1488 2025 1577 2057 Rhe-

875 2083 949 2105 sum
966 2073 1081 2114 copias
1098 2083 1175 2106 suas
1192 2073 1266 2106 Idae
1279 2074 1385 2105 monti
1400 2079 1502 2107 noctu
1518 2085 1577 2117 ap-

879 2124 1051 2165 plicuisse.

921 2174 930 2195 ¹
954 2173 1126 2215 Tentoriis]
1147 2175 1156 2193 ‘
1173 2174 1294 2207 Niveis
1311 2175 1458 2208 tentoria
1472 2176 1579 2209 velis!

879 2225 976 2266 Virg.
993 2225 1036 2256 de
1053 2225 1180 2257 Rheso.

921 2274 936 2295 Β
963 2274 1080 2307 Ibidem
1104 2274 1332 2316 opperiebatur]
1364 2275 1414 2308 At
1436 2285 1478 2307 ex
1506 2276 1579 2308 aliis

880 2329 1013 2356 certum
1035 2329 1100 2360 est,
1122 2325 1269 2356 Rhesum
1285 2325 1331 2356 ibi
1357 2331 1578 2366 pernoctasse

881 2375 1029 2406 ubieum
1048 2375 1181 2406 Hector
1202 2375 1334 2415 statuit,
1357 2384 1509 2407 seorsum
1533 2375 1576 2407 ab

881 2425 968 2461 aliis,
980 2431 1016 2456 et
1033 2425 1174 2456 aliorum
1190 2429 1392 2457 extremum.
1420 2426 1577 2466 Euripid.

877 2476 916 2508 ‘0
928 2477 954 2508 δ’
967 2475 1064 2516 ἐγγὺς
1076 2474 1180 2513 ἧσται,
1192 2476 1247 2507 κού
1258 2475 1471 2516 συνήθροισται
1483 2487 1578 2516 στρα-

878 2527 934 2568 τῷ,
954 2526 1044 2558 Ἀλλ’
1067 2526 1156 2558 ἐκτὸς
1180 2525 1274 2557 αὐτὸν
1291 2525 1407 2565 τάξεων
1429 2526 1578 2558 κατεύνα-

879 2588 935 2608 σεν
948 2575 1080 2617 Ἕκτωρ,
1104 2575 1160 2608 ἕως
1174 2575 1213 2608 ἂν
1227 2575 1279 2616 νὺξ
1301 2575 1466 2617 ἀμείψηται
1487 2576 1578 2617 φάος.

881 2627 948 2661 Qui
961 2627 1055 2658 locus
1067 2627 1134 2658 levi
1151 2626 1282 2657 macula
1298 2627 1493 2667 purgandus
1506 2632 1579 2666 est3

881 2676 1063 2718 legendum
1091 2677 1180 2708 enim
1206 2674 1265 2707 ὧδ’.
1292 2677 1326 2708 id
1357 2681 1422 2716 est,
1448 2677 1514 2718 hic,
1543 2677 1578 2709 in

882 2728 1048 2769 proximo.
1084 2729 1094 2744 ‘
1109 2727 1177 2759 Hic
1200 2737 1307 2768 prope
1333 2727 1445 2767 sedet,
1468 2737 1579 2769 neque

882 2779 1083 2819 conjunctus
1097 2782 1150 2809 est
1165 2787 1241 2809 cum
1255 2778 1422 2817 exercitu,
1448 2778 1516 2809 Sed
1542 2778 1580 2809 il-

881 2830 951 2860 lum
977 2833 1076 2860 extra
1103 2828 1236 2860 ordines
1273 2828 1462 2869 constituit,
1486 2828 1578 2859 Hec-

883 2882 950 2918 tor,
965 2877 1073 2910 donec
1091 2888 1157 2911 nox
1174 2878 1331 2910 immutet
1352 2877 1489 2910 lucem:
1534 2879 1580 2909 Et

756 2931 844 2963 Dict.
871 2932 961 2964 Cret.
1455 2931 1492 2962 M
