1915 3231
505 328 567 358 nn
601 326 839 358 HrsromA
877 326 1022 356 emm
1058 326 1290 358 TROJANI.
1556 316 1610 357 31

163 435 264 477 quae
297 422 471 463 tandem
501 426 568 464 est
597 422 709 463 ratio
741 421 786 462 id
816 420 1018 474 negandi,
1040 424 1117 461 aut
1146 418 1189 460 in
1221 419 1400 460 dubium
1422 420 1611 461 vocandi

161 491 294 531 fidem
310 489 544 543 Epistolae,
567 502 699 543 quam
721 488 826 530 huic
847 488 1059 541 opusculo
1079 487 1292 541 praemisit
1309 488 1520 540 interpres
1541 487 1614 527 ille

163 556 415 610 Septimius,
437 569 538 597 cum
563 557 716 610 utique
738 556 934 597 extiterit
956 567 1106 596 revera
1126 559 1233 607 post
1254 558 1449 607 tempora
1471 553 1515 594 N
1519 566 1615 595 ero-

161 623 231 663 nis
248 622 434 664 Graecus
458 622 648 676 scriptor
668 623 800 664 istius
833 622 1027 663 nominis
1050 635 1077 663 a
1098 621 1270 663 Graecis
1290 620 1613 675 posterioribus

164 689 331 744 saepius
369 690 597 739 laudatus,
638 702 740 731 cum
781 688 1014 730 conveniat
1048 688 1229 729 Titulus
1264 687 1413 730 Graeci
1445 687 1617 728 Latini-

165 769 249 810 que
283 756 412 810 hujus
447 758 610 810 operis,
653 770 754 797 cum
785 759 1027 809 congruant
1058 755 1275 809 utrimque
1311 768 1383 796 res
1420 755 1532 808 ipsae
1574 755 1617 795 in

165 824 348 865 eandem
379 825 510 878 plane
541 824 823 872 sententiam,
859 836 959 864 cum
1000 823 1190 876 denique
1227 821 1385 863 eadem
1416 821 1617 862 tradatur

166 890 331 932 inventi
353 892 501 945 operis
540 891 736 940 historia,
758 903 859 945 quae
890 903 994 943 ergo
1029 890 1140 931 ratio
1171 894 1257 939 est,
1292 890 1485 942 inquam,
1508 888 1618 928 satis

166 959 343 1009 idonea,
367 971 499 1012 quare
530 971 660 999 secus
682 971 817 1012 quam
848 970 918 998 res
954 957 1053 1010 ipsa
1083 956 1199 997 ultro
1231 956 1408 1005 clamat,
1430 961 1475 996 et
1505 955 1619 1009 Sep-

168 1026 320 1068 timius
350 1026 425 1067 ille
456 1026 606 1080 palam
635 1026 692 1067 de
728 1039 776 1066 se
806 1025 977 1075 fatetur,
1009 1037 1264 1065 censeamus
1295 1023 1502 1064 Latinum
1535 1023 1619 1064 hoc

168 1093 436 1147 opusculum
468 1106 555 1134 non
587 1106 689 1133 esse
721 1105 777 1133 ex
799 1091 963 1133 Graeco
984 1091 1192 1132 versum?
1255 1090 1324 1131 Ita
1340 1094 1482 1132 tamen
1503 1090 1621 1132 Vos-

170 1161 264 1201 sius
285 1160 328 1201 in
351 1160 598 1202 Historicis
621 1160 809 1210 Latinis,
833 1162 845 1181 ‘
861 1158 919 1209 Q.
950 1159 1190 1213 Septimius
1210 1158 1441 1199 Romanus
1461 1158 1621 1200 Latine

173 1238 433 1268 CREmTUR
472 1226 662 1268 vertisse
694 1227 858 1280 Dictyn
890 1225 1139 1267 Cretensem
1171 1225 1226 1266 de
1253 1225 1379 1266 Bello
1409 1225 1620 1279 Trojano,

173 1294 250 1335 sed
281 1294 479 1348 quisquis
514 1297 669 1334 auctor
698 1296 766 1334 est
797 1291 894 1344 ejus
928 1292 1092 1346 operis,
1123 1291 1295 1342 Latine,
1327 1305 1412 1332 non
1448 1292 1622 1341 Graece,

173 1361 367 1414 scripsit,
389 1359 573 1402 Graecos
595 1364 740 1400 tamen
763 1363 974 1400 auctores
1005 1371 1103 1400 cum
1133 1358 1310 1412 judicio
1339 1358 1458 1411 legit,
1490 1362 1622 1412 atque

173 1441 231 1469 ex
247 1428 302 1469 iis
318 1427 563 1480 excerpsit,
577 1439 677 1480 quae
695 1426 870 1468 veritati
890 1430 1186 1467 consentanea
1202 1424 1482 1467 viderentur?
1513 1425 1622 1466 Vult

176 1507 294 1548 ergo,
318 1507 432 1548 opus
463 1494 547 1535 hoc
582 1493 803 1547 Septimii,
825 1492 895 1533 vel
930 1493 1181 1545 quicunque
1211 1492 1305 1545 ejus
1340 1496 1509 1541 auctor,
1533 1505 1622 1532 non

175 1562 335 1603 Graece
357 1562 578 1615 primitus,
601 1560 679 1601 sed
702 1559 856 1600 Latine
878 1562 1044 1600 tantum
1075 1559 1290 1612 scriptum
1321 1571 1421 1599 esse
1443 1563 1488 1599 et
1509 1571 1625 1599 com-

173 1628 383 1683 positum.
419 1627 644 1668 Disertius
664 1626 800 1667 etiam
817 1625 1039 1667 Mercerus
1059 1626 1102 1665 in
1125 1625 1258 1667 Notis
1278 1625 1333 1666 ad
1357 1625 1594 1679 Prologum
1612 1639 1622 1666 :

175 1698 188 1716 ‘
209 1694 267 1735 Et
286 1694 422 1736 multa
443 1694 612 1735 indicia
633 1696 731 1734 sunt
752 1692 911 1734 Latine
941 1692 1176 1745 scripsisse
1200 1691 1428 1742 Nostrum,
1455 1705 1538 1733 non
1568 1706 1624 1733 ex

177 1761 338 1803 Graeco
358 1761 558 1812 vertisse,
581 1766 628 1802 et
646 1760 804 1801 habere
826 1772 854 1800 a
873 1758 1047 1800 Graecis
1067 1760 1130 1808 τὴν
1151 1756 1253 1808 ὅλην,
1277 1773 1303 1800 a
1324 1760 1496 1800 Latinis
1516 1758 1627 1799 mul·

175 1834 245 1872 tas
283 1830 498 1871 dictiones
526 1842 787 1884 expressaS,
823 1829 1054 1882 praecipue
1090 1842 1118 1870 a
1151 1829 1392 1872 Sallustio?
1452 1829 1626 1871 Vellem

176 1897 394 1940 ‘indicia’
434 1898 530 1940 haee
571 1897 828 1952 protulisset
867 1900 909 1937 ct
947 1896 1078 1937 nobis
1114 1902 1512 1938 commonstrasset
1545 1897 1629 1938 Vir

177 1966 473 2007 doctissimus.
534 1964 655 2006 Nam
685 1964 804 2018 quod
835 1964 1021 2018 phrases
1051 1964 1214 2005 multas
1235 1965 1442 2006 sumserit
1462 1977 1521 2005 ex
1543 1964 1628 2005 La-

179 2034 283 2075 tinis
306 2037 353 2074 et
381 2032 597 2074 Classicis
633 2032 909 2081 auctoribuS‚
929 2042 984 2072 ac
1005 2030 1287 2085 potissimum
1314 2044 1370 2072 ex
1396 2030 1628 2082 Sallustio,

183 2100 302 2155 quid,
324 2100 526 2150 obsecro,
547 2100 593 2140 in
616 2112 671 2140 eo
692 2099 809 2140 inest
829 2100 884 2140 ab
914 2098 1163 2152 interpretis
1193 2098 1365 2139 ratione
1395 2097 1504 2140 adeo
1526 2099 1630 2140 alic-

177 2180 295 2218 num,
316 2180 414 2209 oum
446 2167 601 2221 utique
632 2167 795 2208 Latina
825 2166 1041 2216 oratione,
1073 2170 1116 2207 et
1141 2166 1323 2207 liberius
1354 2166 1545 2219 quidem,
1580 2172 1632 2207 ut

181 2236 386 2277 solebant
425 2239 526 2277 tunc
569 2236 848 2288 interpretes,
889 2233 1040 2274 Graeci
1096 2233 1325 2286 scriptoris
1365 2234 1632 2285 expresserit

180 2304 439 2345 historiam?
474 2303 631 2356 Neque
654 2302 770 2343 enim
799 2301 1001 2356 postulat
1021 2300 1253 2354 quisquam
1276 2313 1439 2350 eorum,
1471 2299 1546 2352 qui
1572 2312 1631 2340 ex

181 2371 342 2413 Graeco
382 2370 591 2412 Nostrum
630 2370 727 2411 haec
761 2369 944 2410 vertisse
974 2372 1174 2417 censent,
1205 2371 1252 2409 ut
1282 2367 1462 2407 verbum
1497 2366 1630 2406 verbo

181 2451 350 2492 semper
371 2438 508 2479 anxia
528 2438 657 2479 nimis
680 2441 723 2479 et
745 2437 937 2478 obscura
965 2436 1094 2489 plane
1124 2434 1354 2487 diligentia
1383 2432 1632 2474 reddidisse

182 2506 398 2546 credatur.

241 2583 326 2613 xv.
357 2572 414 2614 Et
448 2575 592 2614 tamen
622 2572 737 2613 adeo
771 2570 887 2612 fidus
917 2570 1000 2611 fuit
1030 2581 1153 2622 saepe
1184 2568 1410 2620 interpres,
1433 2570 1481 2607 ut
1501 2566 1633 2607 etiam

185 2639 445 2681 Graecismis
466 2639 562 2693 ejus
585 2639 723 2680 dictio
752 2637 960 2687 abundet,
982 2640 1026 2678 et
1058 2636 1193 2678 verba
1223 2647 1277 2675 ac
1306 2633 1490 2687 phrases
1509 2631 1635 2674 Grae-

185 2720 263 2749 cas
290 2706 472 2747 subinde
494 2705 652 2747 Latino
686 2716 886 2746 sermone
915 2714 1151 2757 expressas
1182 2699 1419 2742 retinuerit.
1480 2699 1635 2753 Speci-

184 2773 314 2813 minis
334 2773 437 2814 loco
471 2772 559 2813 sint
590 2772 822 2826 sequentia
851 2783 909 2812 ex
939 2770 1113 2811 duobus
1144 2771 1312 2809 tantum
1331 2765 1458 2807 libris
1479 2765 1633 2818 petita,

185 2839 262 2880 lib.
284 2852 327 2882 v.
358 2842 371 2861 ‘
389 2839 555 2881 Eadem
573 2839 814 2894 cupiditate
836 2838 1088 2881 universam
1110 2836 1285 2877 domum
1307 2832 1404 2888 ejus
1421 2833 1464 2874 in
1484 2831 1633 2874 scelus
