1915 3231
591 366 653 395 DE
689 366 859 397 Excm.
892 364 1057 396 TROJAE
1093 366 1287 396 His'ron.
1573 356 1658 398 333

212 456 539 499 Penthesileam
561 459 821 500 obtruncat.c
852 460 919 500 Eo
941 459 1061 500 facto
1080 463 1216 500 toturn
1239 459 1480 500 exercitum
1500 460 1654 514 Troja-

210 535 361 563 norum
377 524 421 564 in
435 524 587 564 urbem
603 525 739 576 fugat.
786 523 943 578 Argivi
964 538 1063 565 cum
1084 526 1284 566 exercitu
1306 538 1475 566 murum
1492 527 1658 567 circun-

211 589 330 639 dant,
348 595 399 630 ut
418 589 538 630 foras
560 590 743 643 Trojani
760 592 880 631 exire
901 604 987 631 non
1008 596 1202 644 possent.
1264 591 1371 645 [32]
1401 592 1516 633 Haec
1538 598 1660 646 post-

211 669 345 710 quam
360 655 542 710 Trojani
559 655 772 707 viderunt,
790 656 1002 706 Antenor,
1017 657 1298 711 Polydamas,
1313 659 1480 700 AEneas
1495 660 1548 700 ad
1565 659 1661 700 Pri-

211 734 355 763 amum
371 723 565 764 veniunt.
604 722 753 776 Agunt
767 736 866 764 cum
884 737 954 773 eo,
974 728 1022 765 ut
1038 725 1275 765 concilium
1295 729 1441 775 vocet,
1455 725 1507 766 de
1523 726 1660 767 fortu-

210 789 280 830 nis
297 789 391 830 suis
408 789 512 843 quid
530 789 585 830 sit
605 789 869 830 faciendum.
931 790 1136 830 Priamus
1159 791 1394 831 concilium
1412 798 1629 833 convocat
1648 806 1658 833 ε

210 855 276 896 illi
308 857 643 910 postulaverunt
675 856 893 910 loquendi
923 856 1182 898 facultatem
1203 857 1324 899 dari:
1350 857 1481 911 jubet
1515 858 1660 900 dicere

213 934 293 963 eos
314 923 421 976 quid
443 923 710 964 desiderent.
769 921 968 963 Antenor
988 927 1315 973 commemorat,
1343 924 1564 977 principes
1584 924 1660 965 de-

210 988 411 1030 fensores
445 989 593 1043 Trojae
631 989 875 1030 Hectorem
907 992 1167 1044 ceterosque
1190 994 1322 1030 natos
1345 990 1439 1044 ejus
1461 1003 1560 1031 cum
1581 991 1659 1032 ad·

212 1057 337 1097 venis
368 1056 625 1098 ductoribus
655 1056 907 1097 interfectos
937 1069 1062 1108 esse3
1091 1069 1275 1109 magnos
1310 1057 1661 1111 fortissimosque

215 1123 360 1165 adhuc
383 1128 537 1165 contra
566 1129 701 1174 stare,
737 1122 1130 1176 Agamemnonem,
1165 1124 1431 1173 Menelaum,
1466 1124 1663 1177 Neopto-

213 1191 392 1240 lemum,
424 1204 508 1232 non
542 1192 682 1232 minus
707 1191 862 1232 fortem
884 1204 1017 1245 quam
1049 1196 1175 1245 pater
1202 1190 1296 1244 ejus
1326 1190 1502 1241 fuisset,
1524 1191 1661 1246 Ulys-

217 1270 326 1308 sem,
362 1258 612 1308 Nestorem,
646 1257 919 1307 Diomedem,
954 1256 1135 1311 Ajacem
1166 1258 1371 1307 Locrum,
1401 1262 1662 1312 ceterosque

216 1338 350 1379 quam
369 1325 514 1378 plures
543 1337 725 1365 summae
756 1324 1017 1378 prudentiae.
1078 1323 1256 1374 Contra,
1288 1324 1510 1378 Trojanos
1542 1325 1664 1365 clau-

217 1405 292 1433 sos
313 1395 357 1433 et
386 1392 597 1433 contritos
626 1404 739 1432 esse.
799 1392 963 1432 Suadet
994 1392 1157 1445 potius,
1187 1396 1235 1434 ut
1272 1392 1481 1434 Helenad
1506 1393 1592 1443 his,
1622 1397 1666 1434 et

217 1472 318 1514 quae
340 1457 596 1499 Alexander
614 1458 796 1499 abstulit
815 1457 1065 1508 reddantur,
1085 1463 1129 1500 et
1148 1471 1241 1512 pax
1263 1459 1351 1501 fiat.
1420 1460 1661 1513 Postquam

215 1526 357 1567 multa
376 1525 514 1567 verba
543 1525 596 1566 de
625 1538 737 1578 pace
770 1525 1048 1567 concilianda
1068 1526 1295 1576 dixerunt,
1318 1527 1458 1579 surgit
1478 1526 1665 1580 Amphi-

218 1592 405 1635 machus
445 1592 564 1633 filius
600 1592 769 1633 Priami
785 1597 799 1614 θ
831 1592 1088 1633 adolescens
1123 1593 1388 1634 fortissimus
1407 1608 1416 1633 ε
1447 1593 1663 1646 malisque

220 1661 367 1702 verbis
389 1660 564 1701 adortus
585 1665 654 1700 est
672 1658 949 1709 Antenorem,
981 1663 1025 1701 et
1046 1673 1123 1701 eos
1144 1660 1220 1713 qui
1244 1648 1572 1708 consenserant,
1603 1659 1667 1700 in-

220 1724 429 1781 crepare,f
444 1726 651 1780 factaque
671 1739 816 1767 eorum
834 1728 984 1780 coepit,
1006 1731 1050 1769 et
1070 1727 1249 1768 suadere
1270 1727 1418 1780 potius
1440 1725 1667 1766 exercitug

219 1793 507 1848 irruptionem
528 1794 574 1833 in
596 1798 744 1834 castra
773 1794 929 1844 facere,
947 1807 1083 1848 usque
1102 1793 1202 1834 dum
1224 1794 1439 1843 vincant‚*
1467 1796 1542 1833 aut
1560 1792 1668 1833 victi

220 1872 302 1913 pro
322 1860 468 1913 patria
489 1860 768 1901 occumbant.
804 1859 1052 1913 Postquam
1069 1860 1109 1901 is
1125 1860 1253 1900 finem
1269 1859 1391 1909 fecit,
1408 1860 1577 1900 AEneas
1593 1871 1670 1898 ex-

222 1927 376 1979 surgit,
398 1926 569 1967 lenibus
591 1926 863 1979 mitibusque
887 1927 1031 1968 verbis
1052 1927 1225 1976 refutat,
1249 1939 1405 1980 pacem
1422 1927 1477 1967 ab
1492 1925 1670 1977 Argivis

222 1995 318 2048 peti
356 2006 617 2048 magnopere
632 1997 651 2023 4
690 1994 858 2035 suadet.
936 1994 1043 2048 [38]
1074 1994 1320 2048 Postquam
1358 1993 1459 2034 finis
1495 1991 1670 2034 dicendi

826 2101 1065 2114 eeeeeeeeeeee

268 2177 286 2193 θ’
314 2176 413 2217 Usque
429 2186 457 2207 v.
475 2176 668 2217 Delph.—4
692 2177 811 2216 Magno
827 2187 918 2217 opere
937 2178 1062 2219 Delph-

878 2285 1022 2317 NOTAE

269 2352 282 2368 e
307 2348 534 2379 Penthesileam
561 2347 739 2388 obtruncat]
772 2348 838 2380 Sed
867 2349 923 2380 alii
978 2350 1106 2388 Ἑλένην
1121 2351 1242 2389 δόμεναι
1252 2351 1351 2390 ξανθῷ
1366 2349 1528 2390 Μενελάῳ.
1547 2350 1556 2368 ‘
1573 2351 1674 2382 Filios

228 2408 343 2430 omnes
365 2409 436 2430 eam
463 2398 505 2430 ab
532 2399 664 2430 Achille
702 2400 845 2431 occisam
875 2399 925 2430 di·
980 2400 1172 2432 Antimachi
1210 2402 1387 2442 sapientis,
1437 2402 1493 2442 qui
1530 2402 1675 2433 maxime

227 2455 321 2481 cunt.
364 2449 449 2480 Vide
467 2449 556 2489 apud
575 2450 714 2489 Dictyn·
981 2451 1109 2482 Aurum
1127 2450 1311 2482 Alexandri
1330 2451 1482 2491 capiens,
1497 2451 1677 2491 splendida

270 2499 285 2520 ‘¹
306 2499 423 2531 Suadet
438 2498 540 2539 potius
554 2502 588 2530 ut
600 2499 734 2535 Helena,
745 2499 815 2541 aa]
840 2498 927 2530 Vide
980 2501 1082 2540 dona,
1095 2501 1174 2532 Non
1188 2500 1406 2540 permittebat
1421 2500 1588 2531 Helenam
1602 2501 1678 2531 red·

227 2549 318 2591 apud
336 2550 475 2590 Dictyn.
981 2550 1063 2582 dere
1082 2550 1156 2581 rufo
1170 2549 1354 2581 Menelao.’

271 2603 286 2619 e
308 2598 420 2639 Surgit
435 2598 677 2638 Amphimachus
678 2598 771 2640 filius
786 2598 925 2640 Priami]
1024 2600 1035 2621 f
1056 2602 1098 2632 Et
1124 2611 1174 2632 eos
1197 2601 1250 2641 qui
1273 2603 1485 2632 consenserant
1506 2600 1682 2640 increpare]

226 2648 361 2679 Falsum
392 2652 458 2688 est,
489 2647 769 2689 Ampihmachum
800 2649 928 2679 Priami
983 2650 1160 2681 Hiclocus
1184 2650 1232 2681 ita
1247 2649 1526 2689 distinguendus:
1561 2649 1681 2680 ‘ador-

228 2697 336 2729 filium
371 2697 486 2730 fuisse.
540 2697 607 2729 Sed
637 2699 747 2729 locum
785 2697 927 2728 Homeri
982 2704 1035 2730 tus
1052 2704 1104 2730 est
1119 2699 1327 2730 Antenorem
1343 2702 1378 2728 et
1394 2706 1450 2729 eos
1469 2698 1525 2738 qui
1541 2707 1681 2729 consen-

229 2749 318 2779 male
335 2749 470 2790 accepit
482 2749 607 2788 Dares,
621 2749 675 2779 vel
689 2749 791 2780 etiam
805 2752 928 2788 sponte
985 2752 1112 2787 serant,
1150 2747 1328 2788 increpare
1365 2744 1527 2786 factaque
1565 2755 1680 2777 eorum

231 2808 292 2830 sua
315 2799 527 2830 immutavit:
551 2798 639 2830 Ὺῖέας
651 2797 851 2838 Ἀντιμάχοιο
867 2797 931 2829 δαΐ·
985 2797 1115 2838 coepit.'

233 2854 356 2888 φρονος,
373 2848 406 2880 ὅς
420 2849 458 2889 ῥα
474 2847 615 2887 μάλιστα
641 2848 764 2888 Χρυσὸν
788 2847 930 2887 Ἀλεξάν-
1028 2852 1044 2875 8
1067 2845 1235 2886 Exercitu]
1272 2845 1399 2876 Forsan
1422 2854 1497 2886 pro,
1519 2844 1682 2876 exercitui.

233 2899 313 2938 δροιο
329 2897 517 2941 δεδεγμένος,
529 2898 636 2938 ἀγλαὰ
648 2899 739 2939 δῶρα,
752 2897 817 2929 Οὐκ
829 2897 931 2937 εἴασχ’
986 2895 1054 2929 Sed
1071 2896 1205 2937 melius,
1221 2896 1467 2937 ‘irruptionem
1491 2894 1602 2928 facere
1626 2904 1682 2926 ex·
