1915 3231
765 383 1040 416 APPENDIX.
1541 374 1626 416 343

482 635 853 686 PASCASIUS
908 633 1325 692 GROSIPPUS,

724 796 851 828 VERO
876 795 1073 828 NOMINE

358 927 779 987 GASPAR
870 926 1455 999 SCIOPPIUS,

349 1102 405 1140 IN
435 1103 746 1142 PARADOXIS
779 1104 1098 1152 LlTERARIlS,
1127 1103 1381 1142 EPISTOLA
1416 1105 1463 1141 V.

174 1415 310 1457 HiNc
342 1430 475 1471 porro
507 1419 699 1472 judicari
734 1423 893 1473 potest,
924 1420 1051 1473 cujus
1082 1425 1195 1463 notae
1229 1419 1380 1462 Critici
1414 1421 1516 1470 sint,
1548 1419 1623 1473 qui

172 1482 400 1526 historiam
431 1487 547 1527 Belli
576 1486 772 1540 Trojani,
804 1500 902 1541 quae
934 1488 1110 1529 Daretis
1132 1487 1312 1541 Phrygii
1333 1500 1490 1528 nomen
1511 1499 1625 1540 prae-

171 1552 269 1602 fert,
291 1566 319 1594 a
339 1552 544 1595 Cornelio
566 1553 747 1607 Nepote
771 1555 932 1596 Latine
953 1567 1211 1596 conversam
1235 1567 1463 1596 censuere.
1522 1553 1623 1594 Ele*

170 1620 317 1671 gantia
337 1621 449 1675 Styli
469 1621 627 1662 ductos
647 1621 692 1662 id
714 1622 872 1663 fecisse
890 1621 1118 1663 Johannes
1141 1621 1327 1671 Savaro,
1358 1621 1493 1662 homo
1515 1619 1624 1662 Gal-

170 1686 254 1736 lus,
279 1686 466 1740 judicat.
529 1688 666 1730 Haud
700 1689 791 1730 vidi
821 1689 987 1742 magis:
1019 1702 1121 1731 cum
1151 1689 1227 1743 qui
1255 1688 1328 1729 vel
1358 1687 1624 1742 primoribus

168 1753 306 1794 labris
346 1756 483 1796 bonos
523 1755 782 1797 Latinitatis
824 1763 1030 1797 auctores
1067 1755 1231 1808 attigit,
1272 1755 1501 1796 historiam
1534 1757 1624 1795 tam

168 1819 430 1862 lutulentam
448 1835 535 1863 non
565 1823 652 1864 nisi
674 1823 731 1864 ab
750 1822 924 1864 homine
952 1822 1274 1871 indoctissimo,
1303 1822 1379 1875 qui
1398 1833 1480 1861 nec
1498 1820 1624 1861 mini·

169 1899 290 1928 mum
310 1888 457 1930 Latini
478 1889 694 1931 sermonis
716 1893 893 1941 gustum
911 1902 1105 1943 unquam
1133 1888 1343 1938 hauserit,
1377 1888 1513 1929 scribi
1543 1900 1623 1941 po-

169 1953 308 1995 tuisse
348 1956 500 1996 statim
540 1959 782 2009 agnoscat:
831 1956 898 1997 ita
934 1955 982 1996 in
1016 1955 1219 1996 omnibus
1258 1954 1447 2008 pagellis
1485 1966 1539 1994 ea
1574 1966 1623 1993 se

168 2020 373 2073 offerunt,
395 2036 494 2077 quae
515 2026 587 2063 τῶν
608 2022 793 2074 κοινοβίων
815 2023 1012 2064 claustra
1029 2022 1259 2075 resipiant,
1290 2026 1366 2063 aut
1385 2020 1624 2062 Actuario-

167 2100 264 2129 rum
286 2090 509 2131 cancellos
530 2103 672 2144 nuper
691 2090 927 2132 admodum
948 2089 1175 2142 refregisse
1192 2089 1432 2130 videantur.
1495 2088 1624 2130 Faci-

166 2154 258 2196 lius
279 2156 417 2197 multo
434 2157 772 2210 intelligentibus
792 2157 926 2198 fidem
944 2155 1171 2205 fecissent,
1202 2156 1241 2196 si
1267 2155 1498 2196 historiam
1518 2156 1623 2196 alte-

168 2234 276 2273 ram,
296 2222 422 2276 cujus
445 2223 606 2276 Dictys
624 2222 851 2264 Cretensis
872 2226 1026 2264 auctor
1046 2222 1311 2272 inscribitur,
1327 2222 1384 2263 ad
1401 2221 1621 2275 Nepotem

168 2288 433 2340 retulissent,
455 2291 622 2345 quippe
644 2290 701 2332 ad
723 2291 849 2345 cujus
868 2290 971 2345 styli
985 2289 1316 2331 similitudinem
1331 2289 1406 2329 illa
1418 2289 1620 2342 proxime

167 2355 356 2406 accedit,
378 2360 427 2397 ut
446 2357 624 2398 omnino
644 2357 824 2407 Velleii,
846 2356 1017 2398 Valerii
1034 2356 1239 2405 Maximi,
1253 2361 1298 2397 et
1312 2354 1452 2397 Curtii
1469 2361 1619 2405 aetate,

168 2422 224 2463 ab
239 2423 388 2477 aliquo
406 2423 621 2477 elegantis
637 2424 795 2477 ingenii
809 2428 855 2466 et
868 2423 1028 2478 judicii
1048 2423 1242 2473 homine,
1265 2423 1400 2464 animi
1421 2423 1562 2476 gratia
1579 2430 1621 2466 et

168 2490 516 2540 exercitationis,
538 2490 705 2545 scripta
725 2491 941 2541 videatur,
960 2491 1045 2532 etsi
1071 2490 1292 2532 nonnullis
1312 2490 1428 2532 locis
1451 2491 1620 2546 aliquid

167 2556 272 2598 mali
293 2569 322 2598 a
341 2555 458 2598 mala
479 2557 520 2597 ei
540 2558 760 2611 objectum
782 2563 850 2599 est
870 2570 1019 2607 manu,
1039 2558 1159 2611 quod
1177 2561 1221 2598 et
1235 2557 1340 2598 belli
1357 2556 1620 2599 Alexandri-

166 2622 211 2662 ni
241 2624 460 2677 scriptori,
491 2628 538 2665 et
568 2625 668 2666 aliis
698 2630 912 2679 praeterea
939 2625 1134 2678 contigit.
1193 2623 1222 2665 J
1228 2624 1350 2664 osias
1380 2623 1619 2677 Mercerus,

167 2689 235 2729 vir
252 2702 361 2731 sane
382 2704 550 2744 magnae
571 2692 832 2733 eruditionis
854 2691 1034 2745 acrique
1056 2691 1245 2745 judicio,
1267 2691 1518 2745 perfrivolis
1539 2692 1619 2733 du-

167 2755 280 2796 citur
313 2759 592 2810 argumentis,
624 2763 674 2800 ut
707 2771 804 2800 eam
832 2761 934 2811 post
958 2757 1238 2799 Constantini
1261 2757 1438 2798 demum
1462 2757 1617 2812 Magni

167 2825 343 2864 aetatem
363 2824 570 2878 scriptam
590 2830 725 2879 putet.
786 2824 966 2865 Scilicet
999 2824 1044 2865 in
1075 2824 1332 2877 praefatione
1363 2824 1615 2866 Consularis

168 2888 312 2931 Cretae
334 2890 382 2932 fit
402 2892 579 2942 mentio,
602 2906 703 2946 quae
725 2892 897 2946 imperii
918 2892 1166 2946 appellatio
1187 2896 1252 2932 est
1274 2892 1498 2933 recentior.
1552 2893 1614 2933 At
