1915 3231
565 306 629 335 DE
662 305 818 334 BEnLo
851 304 1078 334 TROJANO
1114 304 1207 333 mn.
1244 305 1304 334 v1.
1557 294 1640 335 281

195 399 317 454 perio
338 398 435 452 ejus
463 398 663 450 agebant,
694 396 875 448 benigne
896 398 942 436 et
962 408 1063 436 cum
1095 397 1383 448 gratulatione
1411 402 1642 450 exceptus,

197 478 390 507 amorem
429 464 498 505 sui
536 463 661 504 brevi
700 462 940 503 confirmat.
998 461 1107 514 [m]
1149 462 1266 503 Haec
1304 474 1385 514 ego
1421 466 1581 503 cuncta
1616 476 1643 503 a

198 531 501 585 Neoptolemo
533 530 708 582 cognita
740 527 846 568 mihi
880 528 1104 569 memoriae
1138 528 1358 577 mandavi,
1394 529 1558 568 accitus
1588 530 1643 569 ab

139 602 167 637 ,’
196 611 250 639 eo
269 611 356 651 qua
384 601 648 651 tempestate
679 594 997 635 Hermionam9
1028 593 1220 635 Menelai
1249 595 1295 635 in
1323 594 1643 636 matrimonium

198 667 467 718 susceperat.
527 662 599 703 Ab
620 675 673 703 eo
693 662 829 703 etiam
855 660 910 702 de
930 661 1127 714 reliquiis
1158 660 1408 702 Memnonis
1427 662 1644 714 cognitum

197 730 318 781 mihi,
360 731 426 771 uti
458 730 619 771 tradita
653 742 760 770 ossa
789 727 884 781 ejus
916 728 1036 781 apud
1069 728 1303 781 Paphumg
1339 727 1409 768 his
1440 728 1516 781 qui
1546 740 1645 768 cum

197 797 432 838 Phallante
453 797 563 837 duce
580 795 829 837 Memnonis
845 795 955 835 mari
969 795 1026 835 ad
1041 794 1224 848 Trojam
1240 793 1446 848 profecti,
1464 795 1644 835 ductore

197 861 463 913 interfecto,¹¹
494 863 730 916 ablataque
768 861 939 914 praeda,
974 861 1137 901 ibidem
1173 862 1481 902 morabantur:
1511 867 1644 913 utque

199 928 412 979 Himera,i
442 942 574 984 quam
608 929 806 969 nonnulli
838 932 1032 969 materno
1062 925 1262 969 nominek
1295 928 1534 969 Hemeram
1567 941 1647 980 ap-

198 996 438 1050 pellabant,
460 1009 586 1037 soror
607 996 874 1046 Memnonis,
895 995 950 1036 ad
975 995 1326 1048 investigandum
1348 995 1539 1037 cadaver
1558 994 1646 1035 fra-

198 1063 279 1104 tris
307 1076 360 1104 eo
390 1063 602 1117 profecta,
630 1067 867 1116 postquam
897 1063 1111 1116 reliquias
1144 1062 1350 1116 repperit,
1381 1067 1426 1103 et
1446 1062 1500 1102 de
1519 1062 1649 1102 inter-

201 1133 336 1182 cepta
373 1129 525 1183 praeda
560 1129 811 1170 Memnonis
846 1129 996 1183 palam
1031 1130 1071 1170 ei
1104 1128 1269 1170 factum
1305 1134 1388 1178 est,
1417 1132 1647 1182 utrumque

200 1196 397 1249 recipere
418 1193 630 1249 cupiens‚¹
659 1197 898 1237 intercessu
920 1197 1198 1246 Phoenicum,
1226 1196 1303 1249 qui
1318 1197 1362 1236 in
1378 1209 1432 1237 eo
1453 1195 1648 1236 exercitu

200 1262 378 1315 plurimi
393 1267 420 1284 ¹¹¹
452 1262 639 1312 fuerant,
665 1262 884 1316 optionem
903 1276 1043 1304 rerum
1065 1263 1261 1303 omnium
1282 1276 1335 1303 ac
1355 1275 1545 1303 seorsum
1562 1262 1650 1302 sra-

200 1329 279 1369 tris
319 1329 559 1382 acceperit,
599 1329 870 1382 praelataque
909 1330 1133 1381 sanguinis
1164 1329 1435 1378 affectione‚¹¹
1472 1332 1651 1381 recepta

201 1407 309 1435 urna
330 1395 588 1436 Phoenicem
610 1396 908 1447 navigaverit:
940 1395 1088 1437 delata
1108 1396 1211 1436 dein
1233 1396 1290 1436 ad
1315 1396 1535 1448 regionem
1556 1395 1650 1447 ejus

202 1460 449 1503 Palliochin
483 1462 689 1511 nomine,⁰
719 1463 996 1516 sepultisque
1026 1463 1168 1503 fratris
1198 1462 1413 1515 reliquiis,
1435 1474 1648 1515 nusquam

807 1569 1044 1581 eeeeeeeeeeee

201 1632 341 1664 exhibet
355 1634 482 1675 Delph.
500 1644 600 1666 voces
615 1637 645 1666 et
665 1634 872 1666 Thaida—9
895 1634 1022 1675 Delph.
1043 1634 1256 1665 Hermionem.

866 1718 1011 1750 NOTAE

245 1786 261 1808 ε
283 1780 377 1821 Apud
391 1782 552 1823 Paphum]
576 1783 714 1824 Paphus
735 1783 815 1814 urbs
831 1783 898 1824 Cy·

201 1830 274 1870 pri3
288 1830 348 1862 sed
363 1831 418 1862 hie
434 1831 524 1872 apud
539 1831 694 1863 Rhodum
710 1832 824 1863 dicere
840 1831 898 1863 de-

201 1879 287 1911 buit.
332 1880 420 1911 Nam
438 1890 541 1921 supra
556 1881 675 1912 retulit
691 1882 815 1913 milites
830 1891 901 1922 eos,

202 1939 286 1970 quos
303 1930 466 1961 Memnon
491 1930 579 1961 duce
596 1930 702 1962 Phala
717 1931 832 1972 (quem
848 1932 903 1962 hic

202 1979 416 2010 Phallantem
446 1978 562 2020 vocat)
589 1981 672 2011 mari
701 1982 742 2012 ad
767 1982 904 2021 Trojam

201 2028 306 2068 misit,
323 2028 477 2060 Rhodum
490 2030 660 2070 appulsos
683 2030 803 2071 Ibique
814 2031 903 2062 Rho·

203 2078 332 2110 diorum
345 2079 627 2111 solicitationibus
640 2080 837 2120 Phoenicas,
848 2081 904 2121 qui

202 2129 301 2160 multi
318 2129 351 2159 in
367 2139 408 2161 eo
423 2130 577 2161 exercitu
591 2130 747 2170 aderant,
763 2130 903 2161 Phalam

202 2178 374 2218 lapidibus
390 2188 539 2215 necasse,
556 2179 793 2221 direptamque
815 2190 904 2221 prae-

203 2228 280 2258 dam
297 2229 389 2260 inter
403 2239 440 2261 se
454 2230 621 2269 divisisse,
632 2241 735 2272 seque
751 2232 783 2263 in
800 2232 902 2264 urbes

204 2278 327 2318 Rhodi,
348 2279 512 2319 Ialysum,
532 2285 568 2311 et
592 2281 765 2312 Camirum
788 2281 902 2313 distri·

204 2328 329 2359 buisse.
375 2329 502 2360 Locum
526 2330 593 2365 adi,
610 2330 697 2361 libro
713 2340 763 2362 ιν.
780 2331 904 2372 alioqui

202 2388 264 2409 nos
287 2378 410 2410 docere
433 2379 553 2410 debuit
576 2380 716 2420 Dictys,
735 2381 904 2421 quomodo

204 2427 306 2458 iidem
328 2428 447 2459 relicta
471 2428 590 2460 Rhodo
613 2429 762 2470 Cyprum
789 2439 904 2461 acces-

206 2477 324 2508 serint.

259 2526 274 2547 ¹¹
310 2527 450 2558 Due-tore
485 2527 664 2569 interfecto]
710 2529 904 2569 Phallante‚

208 2586 307 2618 quem
325 2577 383 2609 lib.
400 2586 449 2607 ιν.
464 2577 606 2609 Phalarin
623 2579 770 2609 vocavit.

247 2626 256 2647 ἰ
283 2627 384 2667 thue
410 2627 557 2667 Himera]
590 2629 669 2659 Non
696 2638 832 2668 possum
856 2628 905 2659 di-

206 2685 298 2714 cere,
312 2676 403 2707 unde
426 2677 512 2708 hanc
535 2677 708 2708 historiam
726 2677 768 2708 de
792 2687 905 2708 sorore

208 2726 401 2757 Memnonis
421 2726 430 2742 ‘
444 2726 586 2757 Himera
599 2726 608 2740 ’
637 2727 690 2757 vel
711 2727 721 2743 ‘
736 2726 906 2757 Hemera'

206 2776 357 2806 hauserit
371 2775 504 2816 Dictys.
537 2776 660 2817 Neque
674 2786 822 2816 unquam
838 2776 906 2816 legi

209 2824 383 2857 Memnoni
400 2834 546 2857 sororem
564 2824 671 2857 fuisse
687 2826 696 2842 ‘
709 2825 884 2857 Himeram
897 2825 906 2840 ²

953 1783 1024 1813 sive
1040 1783 1049 1799 ⁴
1064 1781 1247 1813 Hemeram
1262 1780 1269 1793 ’
1286 1780 1430 1812 nomine.
1472 1781 1653 1813 Existima-

955 1842 1026 1863 rem
1062 1832 1140 1862 huic
1171 1830 1332 1871 figmento
1368 1831 1480 1861 locum
1517 1831 1653 1862 dedisse

956 1881 1150 1912 Memnonis
1167 1890 1283 1921 genus.
1326 1880 1362 1911 Is
1378 1881 1464 1911 enim
1483 1890 1558 1911 cum
1583 1881 1652 1912 Au-

958 1941 1043 1962 rorae
1058 1931 1143 1961 filius
1158 1930 1343 1968 diceretur,
1355 1934 1389 1960 et
1406 1930 1539 1960 Aurora
1556 1940 1597 1960 ex
1616 1940 1652 1961 se

959 1981 1061 2019 diem,
1090 1990 1165 2021 quae
1186 1979 1308 2011 Graece
1339 1979 1486 2010 Hemera
1516 1979 1656 2019 dicitur,

958 2040 1139 2071 procreare
1169 2030 1262 2060 dicta
1290 2029 1346 2068 sit,
1376 2029 1454 2060 inde
1479 2030 1654 2061 Memnoni

957 2081 1143 2112 Hemeram
1158 2089 1307 2111 sororem
1324 2079 1504 2110 dederunt.

1002 2129 1016 2150 k
1038 2130 1184 2160 Materno
1207 2128 1345 2168 nomine]
1368 2125 1436 2160 Hic
1467 2129 1653 2161 Hemeram

958 2180 1152 2211 Memnonis
1175 2183 1318 2209 matrem
1340 2178 1435 2214 dicit,
1458 2189 1558 2220 quem
1575 2180 1655 2211 alibi

958 2230 1136 2261 Auroram.

998 2279 1006 2301 ¹
1033 2281 1200 2319 Utrumque
1213 2278 1346 2318 recipere
1359 2277 1498 2318 cupiens]
1520 2278 1655 2319 Nempe

957 2330 1115 2370 reliquias
1132 2328 1248 2359 fratris
1265 2332 1300 2358 et
1321 2327 1547 2367 interceptam
1568 2338 1656 2368 prae-

958 2379 1046 2410 dam.

999 2433 1022 2449 m
1038 2427 1229 2467 Phoenicum,
1244 2426 1296 2467 qui
1309 2427 1342 2458 in
1357 2436 1390 2458 eo
1406 2429 1545 2458 ezer-citu
1558 2429 1656 2467 pluri-

957 2478 1016 2519 mi]
1042 2477 1130 2508 Vide
1146 2477 1203 2508 lib.
1221 2486 1269 2507 iv.

1002 2532 1016 2547 ¹¹
1053 2527 1253 2565 Praelalaque
1285 2525 1450 2564 sanguinis
1476 2525 1656 2567 affectione]

960 2576 1030 2613 Ait,
1060 2581 1204 2616 propter
1233 2573 1450 2606 affectionem
1481 2577 1656 2616 sanguinis

959 2636 1032 2656 eam
1066 2625 1180 2656 fratris
1211 2624 1368 2665 reliquias
1398 2630 1545 2665 optasse.
1590 2627 1656 2658 Sed

959 2677 1033 2717 quis
1049 2676 1097 2706 ita
1112 2675 1202 2716 loqui
1220 2675 1316 2714 velit,
1336 2675 1500 2715 ‘praelata
1521 2678 1658 2717 sangui-

959 2727 1010 2757 nis
1025 2724 1230 2757 affectione?
1244 2724 1253 2738 '

1002 2781 1016 2796 ⁰
1038 2775 1092 2808 Aa
1114 2777 1272 2815 regionem
1286 2775 1351 2814 ejus
1368 2775 1545 2806 Palliocln’n
1559 2777 1657 2807 nomi-

959 2827 1012 2868 ne]
1038 2826 1124 2858 Mihi
1141 2831 1234 2858 certe
1252 2826 1369 2866 ignota
1380 2831 1432 2857 est
1447 2826 1540 2866 regio
1557 2827 1658 2858 Pacli—
