1915 3231
235 244 320 286 234
701 253 911 285 Dici-ros
942 252 1218 284 cnmensm

236 353 338 391 ante
359 349 544 390 Helenae
563 351 736 403 raptum
758 352 980 402 nupserat,
995 348 1232 390 necessarii
1249 346 1319 389 sui
1338 347 1403 388 uti
1424 346 1682 400 sepeliretur

237 415 466 469 perferunt.
524 415 613 456 Sed
642 415 778 456 fertur
808 415 1032 457 OEnonem
1061 415 1159 456 viso
1190 414 1404 456 cadavere
1434 412 1683 456 Alexandri

238 483 348 524 adeo
370 486 648 528 commotam,
678 484 745 523 uti
773 484 939 524 amissa
966 486 1107 523 mente
1128 480 1453 535 obstupefieret,
1484 493 1538 522 ac
1555 481 1685 535 paul-

236 549 361 591 latim
395 563 472 603 per
491 547 749 591 moeroremb
780 549 1006 591 deficiente
1037 550 1184 590 animo
1213 546 1474 589 concideret.
1533 545 1685 600 Atque

238 617 301 657 ita
347 629 435 657 uno
483 616 727 670 eodemque
776 616 925 657 sunere
974 630 1072 658 eum
1124 615 1379 657 Alexandro
1425 613 1686 666 contegitur.

239 682 346 736 [22]
381 682 581 723 Ceterum
621 682 819 736 Trojani,
854 683 932 724 ubi
971 683 1110 724 hostis
1144 682 1283 723 muris
1323 680 1508 723 infestus
1543 679 1686 731 magis

240 750 466 802 magisque
489 750 631 799 saevit,
651 762 796 803 neque
822 749 914 803 jam
936 749 1172 791 resistendi
1193 749 1413 790 moenibus
1445 759 1548 800 spes
1578 745 1688 786 ulte-

240 815 330 856 rius
353 821 436 864 est,
466 821 545 857 aut
566 816 679 856 vires
700 816 861 865 valent,
897 816 1046 857 cuncti
1078 828 1288 869 proceres
1319 813 1584 855 seditionem
1608 810 1688 852 ad-

240 895 393 923 versus
432 882 658 923 Priamum
691 882 936 931 extollunt,c
966 887 1103 936 atque
1135 881 1231 935 ejus
1265 881 1464 933 regulos:
1502 879 1688 931 denique

242 949 387 990 accito
407 949 551 989 AEnea
568 949 760 1003 filiisque
776 949 1025 998 Antenoris,
1046 949 1284 989 decernunt
1303 947 1415 988 inter
1435 959 1496 995 se,
1511 945 1574 985 uti
1593 943 1691 985 He-

241 1015 340 1054 lena
365 1028 465 1055 eum
496 1015 566 1055 his
598 1028 700 1068 quae
735 1015 885 1055 ablata
915 1019 1042 1056 erant
1071 1015 1128 1055 ad
1164 1013 1415 1055 Menelaum
1445 1012 1690 1053 duceretur.

244 1079 379 1130 Quod
418 1086 657 1135 postquam
698 1081 962 1134 Deiphobus
1003 1081 1222 1134 cognovit,
1262 1080 1512 1121 traductam
1548 1077 1604 1118 ad
1643 1089 1691 1118 se

245 1146 458 1189 Helenam
495 1149 776 1190 matrimonio
810 1149 896 1190 sibi
929 1145 1163 1202 adjungit.d
1223 1147 1431 1189 Ceterum
1467 1146 1691 1198 ingressus

899 1277 1040 1310 NOTAE

246 1385 331 1418 tari:
357 1385 366 1402 ‘
381 1383 470 1415 ferre
493 1382 612 1415 funus’
637 1384 794 1426 alicujus,
815 1383 826 1401 ‘
840 1388 876 1416 ut
893 1394 944 1416 se-

246 1434 418 1476 peliatur.'
452 1433 635 1465 Alexandri
651 1433 752 1465 funus
769 1434 866 1471 dicit,
882 1444 944 1475 pro

244 1485 423 1517 cadavere.

287 1535 303 1555 b
319 1535 369 1566 Ac
382 1534 532 1574 paulatim
543 1544 600 1574 per
614 1534 788 1575 moerorem]
812 1534 881 1566 Hic
895 1534 942 1566 lo-

246 1595 304 1616 cus
329 1584 459 1615 indicat
485 1584 587 1615 alium
614 1593 686 1615 esse
711 1584 798 1614 huuc
814 1584 943 1625 Dictyn

247 1635 289 1666 ab
304 1644 355 1672 eo,
372 1643 471 1675 quem
488 1633 601 1665 Graeci
614 1632 775 1664 habuere.
798 1633 943 1664 Tzetzes

247 1686 282 1716 in
307 1683 459 1724 Lycoph.
495 1682 745 1720 Τελευτήσαντος
765 1683 790 1714 δ’
814 1683 943 1722 ἐκείνου,

248 1733 300 1765 καὶ
322 1733 435 1770 ἑαυτὴν
456 1734 638 1773 συναναιρεῖ,
652 1732 672 1770 ἢ
687 1732 768 1763 κατὰ
783 1732 840 1763 τὸν
855 1735 944 1765 Κοῖν-

247 1797 303 1816 τον
319 1783 431 1821 ἑαυτὴν
454 1783 635 1822 ἐμβαλοῦσα
659 1782 700 1814 εἷς
723 1783 783 1820 τὴν
802 1784 944 1824 Ἀλεξάν-

250 1836 323 1874 δρου
336 1833 444 1873 πυρὰν,
463 1832 483 1870 ἢ
503 1832 584 1864 κατὰ
605 1832 662 1863 τὸν
682 1833 797 1864 Δίκτυν
817 1833 946 1874 βρόχοις

249 1884 438 1923 ἀπαχθεῖσα.
452 1884 461 1899 ‘
472 1883 608 1914 Mortuo
617 1887 730 1914 autem
741 1882 946 1923 Alexandro,

250 1935 383 1965 OEnone
395 1943 430 1964 se
439 1933 545 1973 ipsam
557 1932 743 1973 interfecit,
753 1933 819 1973 vel,
828 1943 946 1965 secun·

251 1985 331 2015 dum
348 1983 520 2022 Cointum,
535 1993 570 2013 se
585 1983 693 2024 ipsam
709 1983 742 2013 in
757 1983 947 2014 Alexandri

251 2043 370 2074 rogum
387 2033 555 2073 injiciens,
575 2033 641 2072 vel,
664 2033 850 2064 secundum
868 2034 948 2065 Dic-

250 2089 324 2124 tyn,
349 2093 385 2115 se
412 2084 522 2124 ipsum
547 2082 684 2114 funibus
709 2082 950 2124 strangulans?

251 2134 411 2165 Cointum
439 2137 577 2164 secutus
605 2133 649 2165 Q.
676 2132 836 2164 Calaber.
879 2132 947 2163 Sed

252 2183 378 2223 Dictyn
389 2182 551 2214 Graecum
564 2181 762 2221 Apollodor.
775 2181 950 2212 Cedrenus

251 2238 287 2265 et
304 2233 433 2265 Conon.
475 2232 542 2263 Sed
556 2231 755 2273 Apollodor.
768 2238 803 2263 et
818 2231 949 2271 Conon,

252 2282 486 2314 Alexandrum
502 2292 520 2313 a
531 2282 725 2314 Philocteta
738 2291 804 2313 non
815 2281 951 2313 omnino

253 2335 417 2374 occisum,
440 2333 500 2364 sed
527 2334 739 2365 vulneratum
763 2337 885 2374 postea
902 2333 950 2364 in-

254 2387 399 2418 teriisse.
422 2386 573 2417 Itaenim
585 2385 744 2426 Apollod.
755 2393 813 2416 ιιι.
826 2389 835 2403 ¹
847 2384 950 2416 Alex-

253 2437 359 2468 ander
373 2435 506 2475 sagittis
529 2434 689 2465 Herculis
712 2443 732 2464 a
759 2434 952 2465 Philocteta

254 2485 426 2518 sauciatus
443 2485 476 2515 in
493 2484 591 2515 Idam
607 2483 648 2514 ad
663 2484 827 2516 OEnonem
843 2493 951 2514 reme-

255 2536 348 2568 avit:
372 2540 443 2567 tum
460 2535 517 2566 illa
532 2534 726 2575 injuriarum
742 2543 870 2564 memor
886 2533 951 2564 Pa-

255 2586 361 2618 ridem
378 2594 497 2617 curare
513 2585 602 2615 nolle
619 2582 773 2615 affirmat.
803 2582 952 2613 Alexan-

257 2635 444 2673 derigitur,
458 2644 533 2666 cum
550 2634 583 2664 in
599 2633 734 2673 Trojam
750 2632 950 2671 referretur,

257 2684 430 2715 occubuit.
482 2683 566 2714 Mox
591 2683 740 2722 OEnone,
767 2692 868 2724 quam
893 2682 950 2713 de-

256 2737 414 2764 trectatae
430 2732 571 2763 medela:
590 2732 809 2773 poenituerat,
823 2732 863 2763 ad
882 2732 952 2763 vul-

258 2792 320 2813 nus
341 2782 527 2814 curandum
554 2782 730 2823 pharmaca
753 2781 952 2821 deferebat;

999 1384 1165 1426 siquidem
1193 1383 1328 1416 OEnone
1351 1381 1511 1414 medendi
1535 1381 1697 1414 canendi-

999 1443 1065 1474 que
1092 1438 1200 1466 artem
1227 1433 1399 1466 callebat:
1426 1442 1514 1474 quae,
1541 1432 1600 1463 ubi
1622 1432 1694 1473 jam

998 1494 1074 1515 eum
1101 1485 1226 1515 obiisse
1253 1483 1394 1524 reperit,
1416 1483 1482 1514 sibi
1511 1483 1632 1524 laqueo
1646 1483 1696 1513 vi-

998 1540 1067 1566 tam
1084 1534 1217 1567 finivit?
1262 1535 1332 1566 Ubi
1354 1534 1424 1574 illa,
1439 1535 1449 1551 ‘
1466 1533 1626 1565 medendi
1641 1543 1697 1565 ca-

998 1585 1167 1625 nendique
1181 1589 1290 1616 artem
1307 1583 1478 1623 callebat,'
1499 1583 1581 1615 mihi
1598 1583 1696 1615 modo

998 1634 1193 1674 scrupulum
1210 1634 1377 1675 injiciunt,
1397 1634 1430 1664 in
1448 1634 1572 1666 Graeco
1588 1634 1696 1675 serip-

999 1689 1082 1723 tum,
1095 1683 1235 1724 ἰατρικὴν
1248 1683 1298 1715 καὶ
1311 1683 1461 1723 μουσικὴν
1474 1684 1578 1721 ἤσκει.
1601 1684 1697 1716 Doc-

999 1735 1146 1765 tissimus
1161 1734 1365 1765 Meziriacus
1388 1733 1539 1774 legebat,
1560 1731 1699 1772 μαγικὴν

999 1793 1061 1824 pro
1075 1782 1236 1821 μουσικήν.
1276 1783 1384 1814 Pater
1399 1792 1494 1814 meus
1509 1783 1698 1814 amantissi-

999 1843 1072 1864 mus
1093 1833 1175 1864 nihil
1201 1832 1379 1871 mutabat3
1402 1833 1532 1864 musica
1547 1833 1635 1864 enim
1653 1832 1698 1864 ad

1000 1883 1264 1914 incantationem
1289 1883 1476 1922 vulnerum,
1505 1882 1555 1914 διὰ
1579 1882 1700 1922 ἐπῳδῆς

1002 1934 1148 1965 scilicet.
1184 1934 1279 1974 Virg.
1293 1934 1302 1950 ‘
1317 1933 1476 1964 Graviter
1489 1933 1698 1974 spirantibus

998 1983 1127 2023 hydris,
1143 1984 1314 2023 Spargere
1330 1993 1403 2024 quae
1429 1992 1563 2014 somnos
1578 1987 1700 2014 cantu-

999 2042 1066 2074 que
1082 2042 1248 2074 manuque
1262 2031 1417 2064 solebat!
1451 2033 1523 2073 Ego
1540 2040 1620 2063 vero
1634 2041 1698 2064 nec

1000 2087 1096 2113 recte
1122 2082 1322 2113 emendasse
1352 2081 1574 2112 Meziriacum
1601 2084 1698 2121 puto,

1001 2140 1063 2162 nec
1078 2136 1169 2162 recte
1182 2136 1315 2171 patrem
1328 2140 1437 2162 meum
1451 2131 1618 2171 vulgatam
1630 2131 1701 2162 lec-

1000 2181 1126 2212 tionem
1144 2181 1335 2212 retinuisse.
1372 2181 1419 2212 Et
1437 2181 1523 2212 hane
1538 2190 1648 2212 meam
1665 2189 1701 2212 e·

1001 2230 1249 2262 mendatiouem
1273 2230 1479 2261 verissimam
1505 2239 1581 2262 esse
1610 2230 1700 2262 exis·

1003 2281 1098 2313 timo.
1143 2281 1236 2320 Lego
1266 2280 1356 2310 enim
1381 2279 1537 2319 φυσυοήνε
1561 2284 1599 2310 ut
1624 2279 1700 2320 plus

1001 2331 1106 2363 semel
1131 2331 1216 2362 hanc
1242 2330 1295 2360 vel
1320 2330 1410 2360 illam
1435 2339 1553 2361 vocem
1573 2339 1635 2370 pro
1651 2329 1700 2360 al-

1002 2386 1074 2414 tera
1088 2381 1177 2421 apud
1195 2379 1340 2421 optimos
1354 2379 1538 2420 scriptores
1555 2379 1700 2419 positam

1002 2432 1069 2472 legi
1084 2441 1092 2462 t
1111 2430 1170 2461 sed
1188 2429 1366 2460 redeamus
1383 2429 1417 2459 in
1434 2428 1534 2459 viam.
1580 2428 1700 2459 Conon

1003 2480 1212 2521 Apollodoro
1225 2488 1286 2520 per
1301 2477 1411 2509 omnia
1423 2477 1496 2509 fere
1509 2478 1700 2517 consentit;

1002 2530 1098 2562 illum
1113 2528 1189 2559 vide
1206 2528 1397 2559 narratione
1412 2529 1465 2557 23.

1045 2584 1059 2601 c
1074 2577 1257 2617 Extollunt]
1270 2576 1310 2607 Id
1321 2577 1401 2616 est‚‘
1410 2575 1699 2616 movent,'Graece

1003 2628 1218 2669 ἆναιροῦνται;
1242 2625 1392 2667 proprie.

1045 2677 1061 2699 ‘¹
1085 2676 1289 2709 Matrimonia
1314 2675 1374 2706 sibi
1397 2673 1559 2715 adjungit]
1592 2675 1700 2715 Lyco-

1004 2728 1110 2769 phron
1126 2727 1188 2766 ait,
1201 2725 1414 2766 Deiphobum
1433 2724 1567 2756 Helena
1582 2724 1616 2756 in
1632 2723 1699 2757 for-

1005 2777 1159 2810 titudinis
1183 2775 1358 2817 praemium
1388 2774 1549 2806 donatum
1573 2773 1699 2807 fuisse:
