1915 3231
327 296 383 336 5-2
675 308 777 339 JAG.
814 308 1065 338 PER120N11
1103 307 1429 339 mssenTArio

327 409 443 449 unde
465 414 511 450 et
531 411 544 432 ‘
564 409 772 450 honorem
804 411 985 451 senilem
1003 410 1013 426 '
1044 414 1175 452 vocat
1205 408 1499 464 Symmachus
1528 408 1604 450 lib.
1628 418 1658 450 1.
1685 409 1770 463 Ep.

325 474 390 528 1.)
419 475 549 516 filios.
610 476 782 528 Nempe
804 476 1018 517 Proculus
1054 477 1133 517 iste
1164 477 1330 525 habuit,
1349 480 1399 516 ut
1418 487 1527 526 reor,
1547 476 1593 516 in
1621 477 1772 517 matri·

324 542 475 582 monio
506 541 663 582 Aradii
693 541 843 582 Rufini
878 554 1087 591 sororem,
1115 547 1160 583 et
1188 555 1243 582 ex
1281 555 1334 583 eo
1363 542 1636 583 matrimonio
1672 542 1769 582 nati

325 614 428 649 sunt
448 607 505 658 Q.
528 607 664 649 Arad.
691 608 799 649 Rus.
825 608 923 649 Val.
955 609 1168 650 Proculus
1198 608 1373 650 Praeses
1405 608 1656 649 Provinciae
1677 608 1769 661 By-

324 688 495 716 zacenae
527 673 655 715 Anno
689 685 916 717 Mcxxm.
949 681 993 717 et
1015 675 1064 716 L.
1086 674 1222 717 Arad.
1244 674 1350 716 Val.
1386 674 1600 716 Proculus
1634 674 1766 715 Praef.

322 743 415 782 urb.
438 751 663 782 mcxxix.
723 740 891 782 Consul
914 752 1076 782 chn.
1095 747 1139 782 et
1155 741 1308 782 multis
1322 741 1422 783 aliis
1441 739 1681 781 honoribus
1701 740 1768 780 in-

320 809 470 860 signis,
492 821 602 861 quos
628 812 839 849 memorat
859 808 1054 849 Marmor
1084 808 1202 861 apud
1223 807 1455 849 Gruterum
1482 806 1582 848 361.
1602 809 1647 848 et
1665 805 1765 847 363.

320 874 532 916 Solebant
556 879 699 915 autem
722 875 823 915 istis
851 875 1137 929 temporibus,
1173 875 1250 928 qui
1271 874 1543 915 diversarum
1573 873 1765 925 gentium

319 941 493 981 nomina
522 941 587 981 ita
620 941 876 994 jungebant,
917 942 1003 982 nisi
1035 954 1087 982 ea
1115 954 1173 982 cx
1196 941 1429 994 adoptione
1460 940 1687 989 haberent,
1707 952 1765 980 ex

317 1012 513 1047 materna
542 1006 724 1056 familia,
747 1008 935 1048 maxime
957 1009 995 1048 si
1027 1008 1211 1048 illustris
1240 1011 1372 1056 esset,
1393 1007 1675 1060 potissimum
1690 1019 1764 1047 su-

316 1085 447 1121 mere,
477 1080 521 1113 et
552 1075 746 1125 paternis
776 1074 937 1115 addere
970 1075 1039 1115 vel
1060 1073 1337 1128 praemittere.
1396 1073 1544 1126 Ipsius
1578 1085 1681 1114 vero
1704 1072 1763 1123 Q.

316 1137 472 1178 Aradii
505 1138 654 1179 Rufini
696 1139 835 1180 filium
866 1141 935 1181 vel
986 1144 1196 1193 nepotem
1236 1142 1345 1192 puto
1393 1139 1517 1179 illum
1547 1137 1761 1179 Aradium

318 1202 545 1253 Rufinum,
576 1205 652 1257 qui
677 1204 806 1246 Anno
850 1217 1025 1247 mcxvi.
1055 1207 1110 1247 ab
1150 1205 1346 1255 Juliano,
1377 1204 1539 1245 Comes
1571 1203 1762 1246 Orientis

317 1274 382 1310 est
398 1271 558 1312 factus.

374 1348 540 1378 xxxv,
572 1339 643 1380 Ita
664 1352 765 1380 vero
786 1339 932 1393 plures
961 1339 1056 1392 jam
1085 1339 1299 1380 habemus
1330 1338 1459 1380 istius
1489 1338 1674 1379 nominis
1696 1338 1760 1379 vi—

311 1417 401 1455 rOS,
423 1417 479 1445 ex
501 1405 661 1458 quibus
694 1407 880 1459 primum
903 1418 1105 1447 censeam
1138 1419 1233 1448 esse
1262 1406 1376 1446 hunc
1400 1404 1600 1458 Septimii
1619 1404 1758 1445 nostri

312 1472 520 1521 amicum,
541 1473 646 1525 quia
667 1472 820 1513 eodem
843 1475 1041 1526 tempore
1064 1472 1177 1513 duos
1197 1472 1369 1525 reperio
1388 1471 1583 1512 illustres
1602 1470 1756 1511 itidem

311 1539 564 1591 Septimios,
586 1538 766 1579 alterum
789 1539 998 1588 Bassum,
1017 1538 1145 1579 tertio
1165 1538 1335 1579 decimo
1358 1550 1472 1579 anno
1494 1541 1595 1591 post
1614 1534 1754 1578 Arad.

311 1603 537 1653 Rufinum,
560 1605 746 1645 alterum
769 1604 1043 1658 Acindynum
1067 1615 1140 1644 Xl.
1171 1616 1284 1645 anno
1307 1607 1406 1645 ante
1428 1603 1503 1645 Ar.
1527 1603 1755 1652 Rufinum,
1799 1620 1803 1624 ·

308 1671 427 1710 urbis
450 1671 708 1712 Praefectos.
768 1670 1033 1711 Posterioris
1062 1670 1195 1724 hujus
1227 1669 1359 1719 filius,
1391 1673 1440 1711 ut
1469 1669 1639 1722 opinor,
1662 1669 1753 1709 col·

308 1736 407 1789 lega
447 1738 578 1778 etiam
610 1737 693 1778 suit
730 1737 773 1777 in
805 1736 1048 1777 Consulatu
1090 1737 1142 1776 L.
1180 1734 1258 1776 Ar.
1290 1734 1391 1775 Val.
1430 1734 1607 1775 Proculi
1637 1748 1750 1775 anno

309 1814 472 1844 Mch.
531 1803 602 1844 Ex
632 1804 736 1853 illis,
775 1803 933 1850 Basso,
964 1806 1008 1844 et
1047 1802 1280 1856 Acindyno
1329 1805 1467 1854 patre,
1502 1801 1750 1842 alterutrum

307 1869 563 1910 crediderim
592 1869 730 1910 fuisse
760 1871 950 1909 nostrum
991 1868 1264 1922 Septimium.
1346 1867 1461 1909 Nam
1503 1873 1632 1917 certe,
1673 1868 1751 1921 qui

305 1936 417 1977 lianc
439 1937 678 1977 versionem
709 1939 799 1976 tam
828 1935 1099 1976 familiariter
1119 1936 1238 1976 misit
1268 1935 1325 1976 ad
1346 1935 1405 1985 Q.
1427 1933 1504 1975 Ar.
1526 1934 1750 1984 Rufinum,

303 2004 443 2044 virum
465 2003 576 2044 adeo
596 2002 827 2051 illustrem,
849 2001 1032 2054 ejusque
1052 2001 1248 2043 savorem
1272 2001 1400 2054 quasi
1425 2000 1525 2055 jure
1545 2013 1626 2042 suo
1645 2014 1749 2042 exe—

303 2070 381 2121 git,
399 2073 445 2110 ut
476 2070 701 2117 scriberet,
723 2071 735 2089 ‘
756 2068 841 2117 Tu,
863 2068 1025 2109 Rufine
1047 2070 1122 2118 mi,
1148 2072 1196 2110 ut
1218 2079 1316 2109 PAR
1339 2071 1418 2113 est,
1439 2067 1539 2109 fave
1559 2067 1752 2121 coeptis‚’

304 2147 404 2175 eum
426 2139 597 2188 oportet
619 2134 770 2175 itidem
791 2133 931 2175 fuisse
951 2133 1136 2175 fortunae
1159 2139 1205 2174 et
1229 2133 1452 2186 dignitatis
1473 2133 1591 2174 haud
1612 2133 1747 2174 multo

302 2201 515 2241 inferioris
550 2200 784 2241 hominem.
843 2199 1007 2240 Verum
1034 2203 1131 2240 uter
1163 2199 1356 2248 illorum,
1376 2199 1510 2240 immo
1531 2199 1666 2240 etiam
1688 2211 1745 2240 an

302 2267 429 2318 plane
449 2267 666 2320 quispiam
690 2279 748 2306 ex
770 2266 876 2315 illis,
892 2266 1056 2320 Dictyn
1073 2266 1188 2306 hunc
1210 2266 1371 2307 Latina
1390 2266 1606 2307 ornaverit
1626 2266 1747 2306 locu-

301 2334 430 2382 tione,
452 2334 558 2386 quia
577 2334 789 2373 incertum
811 2337 897 2381 est,
919 2332 1216 2385 relinquemus
1238 2332 1283 2372 in
1302 2330 1462 2372 medio.

360 2410 548 2440 xxxvr.
581 2399 682 2439 Hoc
705 2399 865 2439 certius
886 2398 1147 2440 arbitramur
1167 2410 1226 2439 ex
1247 2402 1380 2439 aetate
1402 2397 1459 2448 Q.
1478 2396 1632 2439 Aradii
1650 2398 1743 2440 Ru-

300 2465 390 2515 fini,
412 2465 672 2519 Septimium
706 2464 837 2514 hunc,
860 2464 1063 2517 quisquis
1095 2463 1194 2513 fuit,
1223 2463 1393 2504 vixisse
1421 2467 1466 2504 et
1503 2464 1743 2505 versionem

299 2533 411 2574 hanc
442 2532 689 2574 confecisse
734 2537 929 2584 tempore
967 2530 1238 2571 Diocletiani
1278 2535 1358 2571 aut
1386 2529 1571 2579 circiter,
1611 2533 1742 2584 atque

301 2599 412 2640 adeo
445 2599 580 2652 paulo
614 2602 729 2649 ante,
751 2609 881 2650 quam
903 2597 1263 2639 christianismus
1295 2597 1340 2637 in
1373 2596 1613 2650 Imperium
1647 2596 1741 2638 Ro-

300 2678 475 2706 manum
510 2665 592 2706 fuit
632 2664 810 2705 tandem
848 2664 1027 2717 publice
1057 2668 1277 2716 receptus.
1337 2662 1471 2712 Quin,
1505 2674 1607 2702 cum
1637 2662 1739 2703 huic

301 2732 637 2773 Christianismo
658 2730 868 2772 adversos
885 2731 1016 2772 etiam
1037 2733 1195 2784 postea
1211 2730 1346 2770 fuisse
1365 2728 1599 2783 plerosque
1620 2729 1739 2769 illus-

301 2802 386 2838 tres
418 2798 535 2840 urbis
566 2797 779 2839 Romanae
812 2796 1057 2848 Senatores,
1080 2797 1151 2840 vel
1181 2810 1237 2838 ex
1267 2795 1531 2850 Symmacho
1554 2800 1736 2844 constet,
