1915 3231
542 297 603 326 DE
637 298 791 327 cucco
825 298 1050 328 TROJANO
1091 299 1183 330 [AB.
1218 301 1281 330 ιν.
1551 291 1636 332 219

186 389 302 429 nium
323 387 439 428 votis
460 388 651 429 omnium
673 389 842 441 deligit.
901 389 975 431 Ita
1009 390 1192 432 refectis
1224 392 1326 433 cibo
1357 393 1632 447 corporibus,

185 454 398 507 reliquum
420 454 562 495 noctis
584 468 681 496 cum
703 456 848 508 quiete
868 456 1130 509 transigunt.
1175 457 1238 498 At
1258 458 1372 499 lucis
1392 459 1631 512 principio,

184 521 341 562 armati
362 520 640 574 instructique
662 533 741 574 pro
760 523 934 574 negotio
957 523 1264 575 egrediuntur:
1290 537 1434 577 neque
1454 526 1631 577 segnius

182 601 210 629 a
242 587 476 627 Memnone
499 591 662 636 actum,
692 600 790 628 cum
813 601 901 641 quo
921 588 1102 642 Trojani
1135 603 1300 631 omnes.
1361 591 1430 631 Ita
1447 590 1547 632 hinc
1568 596 1632 633 at-

179 667 265 708 que
286 653 387 694 inde
410 653 612 694 ordinato
631 654 849 704 exercitu,
879 655 1078 708 praelium
1100 655 1279 698 initum:
1311 661 1404 697 tum
1419 662 1431 686 3
1452 656 1631 710 plurimi

179 721 406 774 utriusque
441 720 592 773 partis,
623 725 673 761 ut
695 720 740 760 in
764 721 842 761 tali
864 721 1115 772 certamine,
1137 722 1317 772 cadunt,
1338 726 1413 763 aut
1433 723 1512 764 icti
1533 736 1630 776 gra-

180 787 286 828 viter
305 787 455 840 praelio
477 786 705 827 decedunt.
765 786 817 828 In
840 800 926 841 quo
951 788 1068 830 bello
1089 787 1357 830 Antilochus
1390 788 1600 831 Nestoris
1614 790 1630 812 ὃ

176 854 332 894 obvius
370 853 481 894 forte
519 853 748 895 Memnoni
785 854 1053 896 interficitur.
1136 855 1340 910 Moxque
1371 855 1507 910 Ajax,
1551 858 1628 898 ubi

176 925 349 974 tempus
364 921 506 962 visum
528 926 609 970 est,
640 922 747 962 inter
766 925 996 975 utramque
1018 921 1162 963 aciem
1183 919 1460 976 progressus,
1480 923 1628 964 laces-

176 988 234 1028 sit
259 1000 414 1039 regem,
445 988 661 1041 praedicto
684 988 804 1041 prius
827 988 980 1042 Ulyssi
1000 993 1045 1029 et
1066 988 1317 1040 Idomeneo,
1339 1002 1367 1030 a
1386 989 1544 1030 ceteris
1563 991 1627 1031 uti

175 1066 223 1094 se
242 1054 552 1096 defenderent.C
592 1055 730 1107 Igitur
752 1055 963 1096 Memnon
983 1055 1060 1096 ubi
1081 1056 1137 1096 ad
1159 1069 1208 1096 se
1230 1056 1353 1096 tendi
1374 1056 1510 1106 videt,
1528 1070 1626 1098 cur-

175 1133 223 1160 ru
244 1120 425 1171 desilit‚4
454 1122 730 1175 confligitque
749 1121 888 1175 pedes
911 1134 1009 1162 cum
1030 1120 1185 1174 Ajace,
1206 1134 1366 1174 magno
1398 1124 1624 1177 utriusque

174 1188 310 1240 partis
328 1192 443 1229 metu
465 1192 595 1242 atque
614 1189 933 1242 expectatione.
976 1188 1089 1230 Tum
1112 1188 1204 1230 dux
1222 1193 1369 1230 noster
1389 1202 1560 1230 summa
1579 1190 1624 1230 vi

173 1253 406 1295 umbonem
429 1256 546 1296 scuti
569 1253 698 1309 ejusd
728 1255 816 1296 telo
836 1255 882 1295 in
912 1255 1184 1308 aliquantum
1215 1254 1416 1304 foratum,
1443 1255 1588 1308 gravis
1608 1261 1623 1285 ⁵

171 1323 301 1373 atque
323 1322 501 1361 summis
523 1322 686 1363 viribus
719 1323 939 1374 ingruens,
969 1322 1159 1375 impulit,
1182 1322 1398 1375 vertitque
1427 1322 1471 1362 in
1491 1322 1623 1363 latus.

172 1385 276 1436 Quo
297 1387 407 1436 viso,
428 1388 540 1440 regis
555 1389 739 1429 comites
761 1401 1007 1438 accurrere,
1028 1388 1210 1443 Ajacem
1229 1390 1462 1430 exturbare
1483 1389 1622 1429 niten-

170 1457 253 1495 tes.
312 1454 426 1495 Tum
449 1455 650 1496 Achilles
679 1456 755 1496 ubi
784 1468 811 1496 a
840 1455 1040 1496 barbaris
1074 1455 1281 1496 intercedi
1312 1455 1447 1504 videt,
1480 1456 1622 1508 pergit

168 1524 336 1569 contra,
366 1527 407 1562 et
442 1522 656 1562 nudatum
693 1526 820 1563 scuto
853 1522 994 1563 hostis
1017 1522 1220 1575 jugulum
1239 1521 1366 1562 hasta
1386 1521 1619 1573 transfigit.

167 1586 247 1638 [7.]
277 1587 349 1628 Ita
382 1592 540 1640 praeter
570 1602 693 1641 spem
724 1589 949 1630 interfecto
979 1588 1228 1638 Memnone,
1259 1588 1393 1628 animi
1425 1587 1619 1628 hostium

168 1659 504 1704 commutantur,
530 1658 573 1695 et
593 1655 764 1696 Graecis
786 1661 920 1696 aucta
940 1655 1129 1696 fiducia:
1153 1656 1336 1709 Jamque
1357 1655 1619 1708 AEthiopum

166 1731 296 1760 versa
316 1722 426 1770 acic,
449 1722 586 1762 nostri
608 1722 822 1762 instantes
844 1721 1023 1763 caedunt
1040 1722 1254 1776 plurimos
1272 1735 1283 1763 ε
1313 1725 1403 1762 tum
1425 1721 1618 1774 Polyda-

164 1791 290 1826 mase
321 1799 531 1829 renovare
564 1788 766 1842 praelium
797 1788 996 1842 cupienS,
1028 1788 1350 1830 circumventus
1371 1786 1426 1828 ad
1446 1793 1618 1841 postre-

771 1905 1015 1919 nnnnnnnn

161 1972 357 2001 maneus—3
384 1969 567 2002 Omittitur
585 1975 649 2002 tum
662 1971 695 2002 in
707 1971 836 2011 Delph.
853 1971 950 2002 deest
968 1979 1101 2012 quoque
1116 1980 1174 2011 que
1185 1974 1263 2011 post
1277 1979 1360 2007 mox,
1374 1972 1409 2000 et
1425 1979 1486 2009 pro
1500 1981 1518 2000 a
1535 1973 1614 2000 ante

161 2013 270 2043 ceteris
285 2013 411 2053 legitur
423 2017 536 2045 (ια-4
554 2014 677 2054 Delph.
691 2015 885 2046 desiliit.-5
903 2014 1029 2055 Delph.
1043 2014 1274 2054 gravibus—6
1289 2012 1414 2053 Delph.
1430 2013 1618 2043 intraverat.

813 2110 957 2143 NOTAE

202 2170 215 2191 b
238 2171 422 2203 Antilochus
449 2173 606 2214 Nestoris]
641 2174 857 2206 Antilochum
913 2183 1030 2205 omnes
1053 2178 1091 2205 et
1116 2172 1245 2204 excusi.
1297 2172 1403 2205 Quam
1432 2172 1612 2204 lectionem

158 2230 178 2250 a
207 2220 389 2253 Memnone
421 2223 566 2254 occisum
609 2230 724 2256 narrat
756 2225 857 2257 Hom.
913 2224 975 2254 viri
1001 2222 1189 2255 doctissimi
1216 2222 1315 2253 unice
1340 2221 1614 2262 amplectuntur3

160 2269 228 2300 Od.
253 2274 292 2302 Δ.
327 2270 428 2301 Pind.
455 2272 557 2313 Pyth.
584 2273 650 2304 Od.
675 2277 708 2306 6.
736 2275 857 2307 scribit

157 2320 338 2351 Nestorem
355 2331 374 2351 a
396 2321 522 2353 Paride
548 2333 713 2364 pressum,
739 2326 855 2356 vulne·

157 2369 311 2409 ratojam
327 2380 414 2411 equo
428 2381 546 2403 currus
559 2374 623 2413 sui,
637 2373 855 2406 Antilochum

155 2418 261 2450 filium
282 2429 377 2451 suum
404 2420 617 2463 inclamasse,
641 2433 786 2466 eumque
801 2435 856 2456 ac-

156 2475 363 2506 currentem,
381 2476 416 2503 et
440 2472 600 2504 Paridem
617 2475 856 2514 sustinentem,

156 2530 176 2550 a
192 2520 375 2552 Memnone
393 2521 611 2554 interfectum
629 2522 743 2555 fuisse.
771 2524 856 2556 Ovi·

156 2569 230 2599 dius
243 2579 338 2607 vero,
353 2571 387 2601 in
401 2571 511 2611 Epist.
528 2572 715 2613 Penelopae
729 2574 855 2614 Ulyssi,

155 2617 374 2650 Antilochum
400 2620 442 2651 ab
468 2620 621 2652 Hectore
638 2622 787 2653 occisum
804 2623 855 2654 di-

155 2667 225 2699 cit:
247 2671 257 2685 ‘
274 2668 352 2699 Sive
369 2670 442 2710 quis
459 2669 676 2702 Antilochum
695 2672 855 2703 narrabat

157 2717 200 2747 ab
217 2717 367 2748 Hectore
384 2719 535 2750 victum?
567 2720 634 2751 Ubi
651 2721 786 2760 quidam
803 2731 854 2753 re-

157 2766 311 2797 scribunt
336 2768 345 2784 ‘
359 2767 636 2808 Amphimachum
648 2770 669 2808 ;'
692 2771 746 2802 alii
763 2771 773 2788 ‘
790 2771 853 2802 Ar-

157 2815 366 2847 chilochum!
407 2817 473 2848 Sed
493 2819 502 2834 ‘
516 2819 752 2852 Antilochum'
769 2821 854 2852 Mss.

911 2273 1067 2304 dicentes
1095 2273 1130 2303 id
1158 2272 1321 2303 scientem
1349 2281 1511 2311 peccasse
1528 2272 1612 2302 Ovi-

911 2323 1015 2361 dium,
1028 2332 1104 2354 cum
1120 2321 1288 2352 faeminam
1304 2321 1498 2361 loquentem
1514 2320 1613 2351 indu-

911 2377 1019 2411 ceret,
1048 2371 1105 2412 qni
1131 2379 1232 2401 sexus
1260 2369 1394 2400 nomina
1418 2368 1491 2400 fere
1523 2370 1612 2400 solet

911 2420 1133 2452 confundere.
1187 2419 1255 2451 Sed
1282 2419 1410 2458 Dictys
1439 2418 1543 2449 etiam
1569 2418 1611 2449 ab

912 2471 1068 2501 omnibus
1084 2469 1254 2504 dissentit,
1269 2478 1345 2500 cum
1359 2468 1575 2500 Antilochum
1591 2478 1611 2499 a

911 2520 1039 2552 Paride
1055 2520 1275 2551 interemtum
1292 2517 1423 2549 scribit.

952 2576 965 2592 c
994 2570 1052 2602 Uti
1067 2579 1100 2600 se
1113 2567 1326 2607 defenderent]
1362 2569 1372 2585 ⁴
1384 2567 1428 2598 Se
1444 2566 1452 2579 ’
1468 2567 1509 2598 ad
1528 2567 1608 2608 Aja-

909 2630 983 2652 cem
1001 2619 1162 2651 refertur.

950 2670 966 2691 <¹
992 2670 1160 2701 Umbonem
1172 2668 1255 2699 scuti
1276 2666 1357 2707 ejus]
1390 2667 1446 2698 Ita
1466 2666 1508 2698 ad
1534 2676 1608 2698 ver-

908 2720 988 2751 bnm
1004 2719 1179 2750 Cedrenns
1194 2729 1201 2748 ε
1227 2727 1325 2758 quein
1343 2716 1541 2747 describere
1554 2726 1609 2747 sn-

908 2770 1084 2811 persedeo.
1129 2767 1243 2799 Umbo
1270 2771 1323 2797 est
1341 2766 1488 2797 medinm
1506 2767 1608 2800 scuti,

950 2825 963 2840 θ
978 2817 1180 2861 Polydamas]
1195 2817 1262 2851 Qui
1276 2821 1388 2849 tamen
1400 2815 1489 2857 apud
1504 2815 1607 2848 Hom.
