1915 3231
518 306 582 336 DE
615 304 853 336 HisTomA
888 305 1032 334 smmi
1068 305 1300 338 TRoJANJ.
1565 299 1621 340 03

175 404 323 446 mandi
342 404 546 447 veniam?
605 405 748 447 Notat
777 405 914 447 ‘forte
944 405 1174 458 legendum
1206 405 1300 455 eos,'
1329 406 1434 447 licet
1465 407 1618 458 addat,

176 475 189 493 ‘
206 477 253 512 et
274 472 387 513 alios
404 472 539 525 priori
559 473 690 513 modo
711 472 921 526 loquendi
943 471 1076 513 usos?
1116 473 1240 514 Nihil
1255 486 1356 526 ergo
1372 479 1466 515 erat
1485 476 1618 516 isthic

174 538 442 589 tentandum,
481 552 583 580 cum
620 539 788 580 locutio
828 539 884 579 sit
917 539 1058 592 proba
1087 543 1132 580 et
1160 540 1337 581 usitata.
1395 539 1513 581 Vide
1547 541 1618 583 hic

175 604 434 654 Mercerum,
456 609 501 646 et
521 605 713 646 maxime
735 605 907 646 Sanctii
924 605 1169 646 Minervam
1192 617 1266 646 111.
1281 607 1324 648 8.

230 671 348 712 Ibid.
378 674 392 693 ‘
407 670 471 712 At
492 671 641 712 Graeci
660 671 832 712 lautum
852 672 966 712 bene
989 672 1182 714 cadaver
1203 672 1444 722 Antilochi,
1457 672 1618 727 justis-

173 751 259 792 que
292 739 440 789 factis,
491 738 672 780 Nestori
709 737 910 779 tradunt?
981 737 1117 779 Vind.
1154 741 1166 759 ‘
1183 738 1279 780 dele
1318 739 1421 794 que?
1482 741 1619 782 Male.

173 807 340 847 Sensus
359 811 440 856 est,
461 806 637 848 tradunt
657 805 850 846 cadaver
882 805 1080 855 Nestori,
1098 809 1334 859 postquam
1368 806 1475 847 illud
1507 808 1619 848 bene

170 873 384 923 laverant,
413 879 456 914 et
469 873 595 927 justa
613 872 654 913 ei
666 872 871 913 fecerant.
928 872 1062 926 Saepe
1081 877 1229 914 autem
1249 874 1314 914 ita
1334 886 1405 914 res
1427 874 1617 916 diversae

173 941 515 981 constructionis
535 952 612 993 per
631 939 844 993 copulam
857 939 1114 993 junguntur.
1156 940 1304 993 Supra
1326 951 1379 980 11.
1397 941 1469 982 29.
1501 941 1619 994 Aga-

172 1019 445 1048 memnonem
459 1010 471 1028 ‘
484 1007 676 1048 universi
696 1007 942 1056 deseruere,
963 1008 1020 1047 ob
1041 1007 1175 1061 idque
1194 1011 1236 1048 et
1249 1020 1463 1049 memores
1484 1009 1619 1050 Pala-

172 1064 326 1124 medis,
348 1073 507 1127 quem,'
537 1075 617 1115 &c-
678 1073 792 1114 Mox
822 1086 862 1115 c.
884 1074 953 1114 ll.
984 1076 997 1095 ‘
1011 1087 1058 1115 re
1075 1074 1284 1123 maxima,
1304 1079 1346 1115 et
1366 1088 1500 1128 super
1516 1081 1620 1117 vota

174 1139 397 1190 omnium,’
416 1141 626 1194 perfecta,
657 1153 699 1182 0.
723 1140 788 1181 13.
826 1143 839 1162 ‘
854 1139 965 1180 Cum
987 1140 1080 1180 viro
1099 1140 1271 1193 egregio
1301 1153 1357 1180 ne
1386 1140 1618 1182 honestam

173 1207 350 1260 quidem
389 1212 591 1257 mortem,
632 1212 709 1249 aut
745 1208 871 1248 aliter
909 1220 1042 1261 quam
1081 1207 1127 1247 in
1164 1207 1370 1256 obscuro,
1406 1212 1616 1261 oppetere

171 1272 380 1314 licuerit!
437 1273 554 1315 Vide
574 1278 618 1315 et
645 1286 714 1314 me
744 1275 800 1315 ad
831 1275 982 1315 Sanct.
1014 1272 1125 1314 Min.
1149 1284 1180 1314 1.
1203 1274 1272 1314 18.
1334 1273 1493 1327 Neque
1515 1288 1616 1316 vero

174 1353 303 1393 opus,
326 1344 371 1382 ut
391 1340 436 1381 in
458 1342 759 1395 sequentibus,
790 1344 802 1362 ‘
821 1354 950 1394 aequo
973 1341 1118 1382 animo
1138 1341 1269 1382 ferret
1288 1340 1474 1382 fortunae
1495 1341 1618 1382 belli-

173 1419 258 1459 que
279 1406 493 1456 adversa‚'
521 1420 575 1448 ea
595 1407 758 1449 vocula
777 1407 1026 1456 inducatur,
1048 1407 1167 1460 quod
1197 1407 1328 1448 isthic
1361 1407 1516 1449 itidem
1538 1421 1616 1449 vo-

172 1473 250 1514 luit
269 1471 551 1525 Vindingius.

232 1550 298 1580 1v.
326 1540 396 1579 14.
426 1539 640 1581 ‘Genitus
668 1539 848 1581 Achille
884 1552 941 1581 ex
973 1539 1238 1582 Deidamia?
1297 1540 1374 1581 Sic
1407 1540 1504 1582 Liv.
1528 1540 1618 1582 1.3.

174 1606 482 1659 ‘quacumque
521 1606 695 1658 genitus
724 1611 880 1655 matre,
911 1611 1028 1647 certe
1058 1611 1211 1646 natum
1238 1606 1384 1647 AEnea
1413 1607 1617 1648 constat!

171 1670 279 1713 Tac.
299 1671 413 1713 Ann.
437 1683 509 1714 111.
540 1673 612 1713 76.
654 1675 667 1694 ‘
686 1673 851 1714 Catone
873 1672 1091 1714 avunculo
1114 1673 1287 1725 genita?
1348 1674 1488 1715 Nulla
1516 1687 1618 1728 ergo

171 1738 282 1779 ratio
300 1738 470 1791 legendi
492 1752 594 1780 cum
615 1739 853 1791 Vindingio
876 1743 1032 1780 contra
1053 1738 1224 1780 Msstos
1246 1742 1259 1761 ‘
1272 1739 1467 1782 Achilli.'

231 1815 277 1846 V.
297 1804 339 1846 2.
370 1807 383 1827 ‘
399 1804 556 1859 Neque
577 1805 804 1846 inferendo
824 1806 1005 1856 bellum,
1027 1806 1264 1860 quicquam
1287 1808 1408 1861 prius
1429 1814 1618 1850 temera-

171 1875 263 1913 tum
282 1872 339 1912 ab
359 1871 443 1922 his,
459 1872 620 1926 quam‚'
639 1875 719 1915 Sec.
764 1876 776 1894 ‘
793 1873 1029 1914 Temerare
1044 1871 1054 1888 '
1083 1873 1244 1914 dicitur
1260 1873 1313 1915 de
1334 1875 1620 1929 quibuscum-

173 1951 260 1992 que
289 1939 434 1989 rebus,
464 1952 566 1993 quae
588 1945 935 1995 corrumpuntur,
956 1944 1032 1982 aut
1060 1940 1295 1982 violantur.
1357 1942 1432 1984 Sic
1463 1946 1619 1984 ‘teme-

171 2005 290 2047 rare'
320 2006 502 2048 alterius
546 2020 744 2048 uxorem.
793 2007 903 2048 Tac.
941 2007 1026 2048 An.
1051 2018 1082 2049 1.
1113 2007 1182 2048 53.
1214 2007 1397 2050 ‘Castra
1427 2009 1619 2052 infausta

174 2073 498 2127 temerataque'
528 2087 606 2128 per
628 2074 885 2115 seditionem
907 2074 1089 2116 scilicet.
1148 2075 1235 2115 An.
1259 2085 1291 2116 1.
1314 2075 1383 2117 30.
1415 2078 1427 2096 ‘
1449 2075 1619 2118 Eadem

173 2139 362 2181 lascivia
382 2140 556 2193 vigilias
572 2146 617 2181 et
638 2147 784 2182 cetera
800 2141 967 2181 militiae
986 2140 1135 2182 munia
1156 2141 1399 2183 temerare.’
1441 2142 1565 2184 Hist.
1587 2154 1618 2184 1.

173 2206 245 2248 48.
277 2209 291 2228 ‘
312 2206 438 2248 Vitio
458 2208 653 2260 gentium
672 2212 904 2249 temeratus
925 2213 996 2249 est
1026 2208 1100 2250 ille
1123 2207 1251 2250 mos?
1310 2209 1470 2262 Pomp.
1493 2209 1618 2251 Mela

175 2283 248 2313 111.
268 2273 309 2314 5.
339 2277 352 2295 ‘
368 2274 602 2316 Temerare
622 2274 774 2316 vittas’
794 2275 950 2316 dicitur
970 2274 1111 2328 Virgo
1134 2275 1328 2316 Vestalis
1348 2276 1464 2330 apud
1486 2275 1618 2317 Ovid.

175 2340 296 2382 Fast.
318 2351 385 2381 Vl.
405 2342 505 2384 457.
565 2341 685 2392 Quid
705 2341 835 2395 igitur
855 2355 981 2396 opus,
1001 2341 1144 2395 legere
1165 2341 1236 2382 hic
1258 2344 1270 2363 ‘
1285 2341 1527 2392 tentatum,'
1543 2346 1619 2384 aut

174 2411 188 2430 ‘
206 2415 366 2450 temere
387 2409 559 2458 actum:
577 2409 694 2463 quod
712 2410 787 2450 ille
810 2410 996 2451 censet?

232 2487 279 2518 v.
298 2477 340 2516 4.
371 2478 385 2498 ‘
403 2475 560 2530 Itaque
592 2489 690 2517 cum
722 2476 884 2529 quibus
915 2479 1058 2524 antea,
1090 2474 1148 2515 ad
1179 2474 1493 2524 confirmanda,
1516 2487 1616 2528 quae

173 2547 346 2597 tempus
375 2544 598 2593 monebat,
631 2541 870 2584 secedunt?
930 2541 1067 2582 Putat
1097 2540 1237 2582 ‘forte
1266 2540 1508 2593 legendum,
1528 2555 1617 2581 cum

177 2608 455 2665 quibusdam?
484 2610 562 2651 sed
592 2615 711 2651 recte
741 2608 873 2651 Anna
893 2609 1078 2662 exponit
1106 2610 1119 2628 ‘
1136 2620 1234 2648 cum
1261 2607 1431 2658 iisdem,
1454 2607 1617 2661 quibus

175 2676 332 2717 antea?
391 2676 523 2730 Saepe
555 2677 673 2718 enim
705 2676 937 2726 omittitur,
957 2676 996 2716 si
1027 2688 1084 2716 ex
1113 2686 1253 2715 rerum
1287 2687 1403 2715 nexu
1434 2675 1618 2727 intelligi

173 2744 315 2796 possit
345 2744 683 2793 substantivum,
707 2743 764 2784 ad
790 2742 909 2797 quod
931 2742 1111 2783 refertur
1130 2753 1383 2795 pronomen,
1409 2741 1528 2794 quod
1549 2754 1617 2782 se-

175 2809 336 2863 quitur.
395 2811 471 2852 Sic
501 2811 638 2865 paulo
670 2815 803 2863 ante3
833 2814 843 2831 ‘
862 2809 925 2851 At
956 2809 1066 2851 lucis
1085 2808 1225 2859 initio,
1247 2808 1616 2862 quibusimpera·
