1915 3231
310 267 338 307 2
721 276 1028 307 LECToRfflUS
1062 276 1178 307 nuo.
1209 274 1372 306 simos.

371 384 415 411 v.
447 371 651 424 Denique
672 383 727 411 ne
749 370 877 424 cujus
895 371 989 412 haec
1012 374 1102 411 tam
1125 369 1264 411 nitida
1286 372 1430 422 egeret
1448 367 1605 419 editio,
1622 367 1762 410 Num-

310 451 425 488 mos,
464 437 693 487 Gemmas,
728 450 783 478 ac
827 437 1067 486 Marmora,
1107 449 1131 477 e
1171 436 1396 477 variorum
1436 436 1764 477 commentariis

310 506 468 559 petita,
512 504 725 557 singulari
774 503 964 545 artificio
1025 504 1204 553 coelata,
1248 516 1334 544 non
1388 502 1485 543 sine
1525 503 1762 552 sumtibus,

309 573 396 613 huc
437 571 757 620 transtulimus,
804 571 1207 623 commentarioque
1247 569 1342 623 (cui
1391 582 1551 610 nomen
1614 569 1763 611 Scena

308 637 494 691 Troica)
511 651 595 679 non
626 638 830 690 spinoso,
857 649 945 678 non
978 637 1184 685 obscuro,
1205 648 1293 677 non
1324 636 1524 689 ancipiti,
1545 635 1763 690 explana-

309 708 471 748 vimus.

366 772 652 814 Subnectitur
692 784 869 825 quoque
908 770 1066 812 ceteris
1098 769 1445 812 Praefationibus
1479 769 1533 810 de
1570 770 1761 825 Dictyos

309 841 457 883 Graeci
500 839 661 880 Latino
694 839 930 892 interprete
968 837 1188 890 Septimio
1222 836 1491 878 Dissertatio
1525 837 1763 888 Perizonii,

309 909 381 950 cui
404 908 461 948 ob
490 906 755 957 singularem
777 905 820 945 in
841 905 974 945 literis
995 904 1212 944 fervorem
1246 916 1300 944 ac
1322 903 1596 956 diligentiam
1615 905 1763 946 nobis·

308 988 423 1024 cum,
447 971 626 1014 candidi
647 971 873 1021 Lectores,
894 971 1053 1012 merito
1070 971 1218 1024 Justas
1238 971 1369 1023 agitis
1389 970 1568 1024 gratias.

364 1042 511 1095 Atque
540 1040 635 1081 haec
664 1045 769 1080 sunt
788 1051 892 1093 quae
920 1039 978 1080 ad
1000 1051 1083 1080 vos
1115 1038 1317 1079 modeste
1347 1038 1576 1091 praefanda
1612 1051 1763 1092 operae

307 1110 494 1163 pretium
513 1105 740 1147 duximus.
797 1104 900 1147 Vos
930 1106 1104 1147 interim
1140 1106 1290 1146 labore
1319 1108 1468 1145 nostro
1502 1104 1760 1159 (ludibrium

307 1178 366 1216 sit
399 1176 502 1216 licet
532 1171 735 1227 invidiae)
766 1173 977 1222 fruimini,
1017 1175 1291 1225 conatusque
1326 1184 1449 1213 meos
1476 1172 1521 1211 in
1562 1172 1762 1226 Scripto-

307 1243 426 1284 ribus
449 1241 619 1283 Latinis
646 1238 947 1282 illuminandis
966 1242 1116 1280 vestro
1143 1239 1296 1280 favore
1327 1240 1371 1279 et
1406 1237 1628 1291 applausu
1659 1252 1761 1293 pro-

305 1314 493 1352 movete.
