1915 3231
227 332 312 375 298
719 340 933 372 DARE‘ris
966 341 1178 372 PHRYGM

227 450 390 486 rorum,
413 437 450 477 si
472 439 621 478 contra
641 436 868 490 imperium
890 439 1151 477 conarentur
1169 447 1431 490 permanere,
1449 447 1504 477 ne
1521 437 1673 491 oppri-

227 509 467 546 merentur:
503 517 602 545 cum
623 504 710 557 ipsi
730 516 816 543 non
835 507 982 544 essent
1002 503 1147 557 parati
1178 503 1235 544 ad
1266 503 1573 557 praeliandum,
1594 517 1672 545 na-

226 571 315 612 vim
346 570 708 619 conscenderunt,
740 583 767 610 a
798 574 915 611 terra
950 574 1239 620 recesserunt,
1261 569 1457 612 Colchos
1489 570 1673 624 profecti

227 644 343 688 sunt,
365 638 525 692 pellem
547 637 841 687 abstulerunt,
872 637 1046 678 domum
1078 637 1241 678 reversi
1273 641 1388 680 sunt.
1446 637 1527 691 [3.]
1558 637 1672 679 Her-

226 705 349 746 cules
371 705 554 757 graviter
575 704 676 744 tulit
708 717 735 745 a
765 717 864 757 rege
892 704 1188 745 Laomedonte
1220 705 1540 746 contumeliose
1573 717 1672 746 sese

226 775 470 821 tractatum,
491 773 535 811 et
555 783 633 811 eos
654 771 729 824 qui
759 783 849 812 una
877 771 1062 824 profecti
1094 776 1223 812 erant
1251 771 1443 813 Colchos
1473 784 1573 812 cum
1591 770 1674 812 Ja-

225 852 346 888 sone,
368 839 663 891 Spartamque
693 837 750 878 ad
781 838 1010 879 Castorem
1047 841 1090 879 et
1120 838 1352 879 Pollucem
1373 837 1505 880 venit.
1563 835 1675 890 Agit

224 920 325 948 cum
345 906 430 956 his,
460 908 507 945 ut
536 917 686 945 secum
717 917 824 946 suas
845 906 1027 960 injurias
1049 905 1298 955 defendant,
1329 918 1385 946 ne
1416 904 1674 946 Laomedon

223 974 404 1027 impune
444 972 569 1021 ferat,
614 972 736 1026 quod
769 973 870 1014 illos
909 986 937 1014 a
967 977 1081 1014 terra
1115 977 1162 1014 et
1197 977 1330 1026 portu
1362 971 1673 1026 prohibuisset.

225 1039 397 1081 Multos
437 1038 658 1091 adjutores
699 1039 808 1081 dicit
843 1039 1029 1090 futuros,
1073 1040 1112 1080 si
1151 1052 1199 1080 se
1240 1039 1673 1080 accommodassent.

223 1106 380 1148 Castor
397 1110 442 1146 et
463 1105 630 1146 Pollux
650 1107 800 1147 omnia
832 1108 1126 1160 promiserunt
1148 1120 1195 1147 se
1214 1106 1412 1147 facturos
1432 1118 1546 1155 esse,
1568 1117 1672 1159 quae

224 1173 443 1214 Hercules
464 1172 611 1213 vellet.
671 1172 745 1213 Ab
778 1173 848 1214 his
884 1173 1153 1213 Salaminam
1187 1172 1428 1225 profectus,
1455 1172 1513 1214 ad
1543 1172 1675 1213 Tela-

221 1251 391 1279 monem
411 1240 529 1281 venit
546 1253 555 1280 :
570 1237 587 1260 k
617 1244 744 1292 rogat
765 1252 864 1280 eum
886 1242 936 1280 ut
955 1252 1102 1280 secum
1124 1239 1181 1280 ad
1196 1239 1377 1293 Trojam
1398 1243 1485 1289 eat,
1503 1242 1547 1280 et
1566 1251 1673 1280 suas

221 1305 404 1359 injurias
436 1318 590 1348 secum
622 1306 843 1348 defendat.
901 1306 1119 1347 Telamon
1150 1306 1352 1360 promisit
1386 1306 1592 1347 omnibus
1626 1318 1675 1346 se

220 1377 437 1427 paratum,
458 1387 557 1428 quae
578 1373 801 1414 Hercules
821 1373 974 1415 vellet.
1034 1372 1147 1414 Inde
1168 1373 1290 1427 apud
1317 1371 1544 1415 Phthiam¹
1573 1386 1673 1427 pro-

219 1440 360 1481 fectus
381 1445 449 1482 est
470 1441 526 1482 ad
549 1441 749 1491 Peleum,
775 1445 992 1494 rogatque
1012 1452 1112 1481 eum
1131 1444 1181 1481 ut
1201 1453 1353 1482 secum
1374 1445 1450 1482 eat
1472 1440 1529 1481 ad
1558 1441 1673 1482 Tro-

212 1507 333 1560 jam:
362 1508 679 1562 pollicitusque
702 1511 768 1549 est
787 1509 829 1549 ei
851 1508 1012 1549 Peleus
1033 1521 1081 1549 se
1113 1508 1295 1550 iturum.
1358 1508 1471 1550 Inde
1503 1508 1667 1562 Pylum

219 1574 275 1615 ad
299 1574 344 1616 N
347 1578 574 1616 estoremm
593 1575 818 1630 profectus
836 1580 933 1627 est3
955 1578 1079 1627 rogat
1100 1588 1202 1616 eum
1226 1575 1391 1618 Nestor
1411 1575 1519 1630 quid
1539 1587 1671 1616 vene-

218 1642 287 1682 rit.
347 1642 567 1684 Hercules
589 1643 713 1692 dicit,
735 1641 853 1696 quod
874 1642 1025 1683 dolore
1048 1647 1297 1684 commotus
1320 1643 1391 1692 sit,
1413 1641 1527 1684 velle
1541 1646 1554 1671 ³
1586 1654 1636 1683 se
1651 1646 1670 1664 ¹¹

218 1710 456 1750 exercitum
474 1710 518 1750 in
538 1710 777 1764 Phrygiam
799 1709 975 1751 ducere.
1037 1709 1204 1751 Nestor
1226 1709 1471 1752 Herculem
1500 1708 1672 1751 collau·

219 1775 355 1826 davit,
378 1789 643 1830 operamque
666 1790 792 1818 suam
815 1777 1046 1830 pollicitus
1066 1782 1147 1818 est.
1193 1777 1416 1818 Hercules
1435 1777 1512 1817 ubi
1531 1775 1672 1816 omni-

219 1855 292 1882 um
323 1843 573 1884 voluntates
605 1844 842 1895 intellexit,
872 1857 1009 1886 naves
1034 1855 1126 1884 xil.
1157 1847 1320 1898 parat,⁰
1349 1843 1509 1885 milites
1530 1842 1669 1895 eligit.

221 1909 312 1950 Ubi
334 1913 508 1964 tempus
526 1910 680 1952 datum
713 1916 782 1953 est
813 1911 1143 1965 proficiscendi,
1176 1911 1324 1952 literas
1353 1910 1410 1952 ad
1441 1922 1522 1951 eos
1553 1922 1668 1963 quos

824 2039 902 2052 0000
907 2040 1062 2052 ‘ooo-‘eet

261 2129 279 2156 3
309 2125 407 2157 Vellet
423 2125 486 2157 Del
491 2126 547 2167 ph.

873 2256 1014 2290 NOTAE

260 2338 276 2360 k
305 2339 357 2370 Ad
396 2338 589 2369 Telamonem
628 2339 730 2380 venit]
778 2340 919 2374 Pindar.
1012 2345 1029 2361 η
1056 2340 1141 2372 Velle
1157 2337 1278 2381 [vellet]
1294 2337 1342 2377 se]
1368 2335 1588 2378 Lege‘velle
1609 2335 1666 2367 se.'

217 2391 337 2422 Isthm.
363 2392 394 2421 6.
424 2388 513 2420 Ἀλλ’
543 2388 689 2421 Αἰακίδαν
718 2390 839 2423 καλέων
868 2392 920 2423 Ἐς
1013 2395 1027 2410 ⁰
1054 2391 1156 2422 Naves
1179 2389 1266 2419 XII.
1290 2386 1398 2429 parat]
1431 2386 1499 2418 Alii
1527 2385 1668 2419 tradunt

216 2439 316 2471 πλόον
331 2438 441 2479 κάρυξε
456 2438 580 2470 πάντων
594 2440 787 2479 δαινυμένων.
821 2443 830 2459 ‘
842 2442 918 2473 AEa-
970 2439 1156 2471 Herculem
1166 2438 1302 2478 Trojam
1314 2437 1505 2477 navigasse,
1519 2446 1594 2468 cum
1610 2445 1668 2467 na·

216 2491 327 2523 cidem
353 2495 467 2521 autem
489 2490 634 2538 invitans
652 2491 707 2522 Ad
730 2492 918 2532 navigatio·
969 2490 1065 2521 vibus
1082 2498 1193 2520 xvur.
1216 2486 1413 2528 Apollodor.
1436 2495 1479 2517 11.
1507 2485 1563 2516 alii
1589 2494 1666 2516 cum

216 2552 294 2574 nem
306 2540 425 2572 citavit
440 2540 595 2571 omnibus
613 2541 851 2581 epulantibus?
969 2540 1047 2571 solis
1064 2538 1202 2570 navibus
1216 2545 1288 2567 sex.
1307 2535 1410 2567 Hom.
1424 2535 1467 2566 ΙΙ.
1481 2539 1516 2566 Ε.
1532 2533 1589 2573 ‘Eg
1603 2534 1668 2575 οἴῃς

256 2592 264 2613 ¹
291 2591 455 2631 Phthiam]
487 2590 516 2621 E
533 2590 671 2631 regione
686 2591 807 2632 Penei,
816 2591 918 2633 juxta
967 2590 1025 2621 σὺν
1034 2588 1123 2628 νηυσὶ
1135 2586 1186 2620 καὶ
1200 2585 1326 2628 ἀνδράσι
1339 2583 1666 2626 παυροτέροισι,’1λίου

215 2641 443 2683 Magnesiam.
971 2639 1141 2681 ἐξαλάπαξε
1175 2637 1281 2676 πόλιν,
1317 2636 1441 2676 χήρωσε
1479 2636 1505 2667 δ’
1544 2634 1664 2675 ἀγυιάς.

257 2696 280 2711 ¹³¹
304 2691 420 2731 Pylum
435 2691 475 2721 ad
492 2691 674 2732 Nestorem]
704 2691 811 2732 Pylus
827 2692 915 2723 Nes·
968 2694 977 2710 ‘
993 2692 1062 2722 Sex
1078 2691 1156 2721 solis
1176 2697 1251 2719 cum
1270 2687 1413 2718 navibus
1433 2693 1468 2718 et
1485 2686 1565 2717 viris
1583 2696 1667 2727 pau-

217 2741 300 2773 toris
319 2741 352 2771 in
377 2740 529 2771 Arcadia
553 2740 630 2772 fuit.
675 2741 742 2772 Sed
766 2741 842 2773 vide
865 2743 915 2772 in·
968 2741 1129 2779 cion-ibus,
1144 2739 1199 2770 Ilii
1214 2737 1404 2768 devastavit
1424 2737 1540 2768 urbem
1564 2741 1600 2767 et
1615 2736 1664 2767 vi-

214 2792 311 2833 fra,§
327 2794 358 2822 9.
373 2791 430 2821 ubi
447 2791 497 2822 ait
512 2791 719 2833 Menelaum,
733 2793 776 2824 ad
793 2794 916 2825 Nesto·
968 2791 1086 2822 duavit
1111 2788 1225 2821 vicos)
1269 2787 1371 2819 Unde
1399 2787 1550 2828 Lycoph.
1575 2786 1665 2818 Her-

217 2852 287 2873 rem
312 2840 600 2882 proficiscentem,
620 2842 713 2874 circa
730 2843 915 2884 Cytheram
969 2842 1080 2873 culem
1099 2844 1198 2872 vocat
1211 2837 1268 2870 τὸν
1286 2837 1488 2879 ἑξάπρυμνον,
1506 2838 1517 2856 ‘
1530 2847 1590 2870 sex
1605 2847 1662 2870 na·

216 2892 333 2924 Paridi
350 2891 483 2923 obvium
499 2890 639 2929 factum,
656 2893 720 2925 &c.
969 2889 1082 2924 vium!
