1915 3231
430 307 492 338 DE
527 306 685 336 BELLO
718 306 944 337 TROJANO
980 306 1073 337 LlB.
1107 307 1151 336 V.
1430 297 1515 338 241

73 400 204 442 simul
239 400 445 453 gemitum
485 400 631 447 edunt,
670 399 897 441 tendentes
935 399 991 440 ad
1033 399 1194 441 coelum
1234 412 1405 449 manus,
1441 412 1517 441 an-

73 468 260 519 nuere3³
292 471 357 508 tot
377 466 579 507 adversis
607 467 736 507 rebus
768 466 1025 506 Priamumn
1057 467 1214 518 singuli
1233 467 1306 508 vel
1337 468 1448 508 inter
1468 481 1517 507 se

70 547 216 575 omnes
235 533 364 575 finem
383 534 654 575 miseriarum
675 533 974 586 deprecantes.
1033 533 1106 573 Ad
1135 537 1404 586 postremum
1431 546 1518 573 uno

73 613 150 642 ore
178 601 363 654 patriam
400 595 702 641 redimendam
732 600 939 639 clamant.
999 599 1052 640 In
1084 601 1185 654 quis
1215 600 1421 641 Priamus
1455 600 1518 640 di—

71 666 242 708 lanians
274 671 410 720 caput
437 667 544 708 fietu
570 678 704 720 quam
735 665 994 714 miserabili,
1035 679 1121 706 non
1155 666 1301 706 solum
1330 667 1423 721 jam
1457 680 1519 715 se,

74 733 152 783 ait,
173 733 376 775 hostibus
409 733 549 784 odio,4
579 746 729 775 verum
762 733 856 774 suis
883 733 1060 774 hostem
1089 733 1320 775 effectum:
1354 734 1521 787 quippe

72 801 141 842 cui
162 813 249 842 non
270 801 440 842 amicus
460 804 623 850 antea‚⁰
653 813 743 841 non
770 800 1059 854 propinquus,
1085 813 1174 841 non
1205 800 1390 854 denique
1411 801 1522 841 civis

71 868 257 909 inveniri
287 872 451 921 posset,
475 867 552 921 qui
579 867 786 909 aerumnis
815 868 907 907 suis
935 867 1256 919 ingemisceret.
1315 867 1523 921 Namque

73 939 253 987 optasse
270 936 365 976 haec
381 948 465 976 non
483 947 594 976 nunc
610 934 799 984 demum,
816 947 968 975 verum
985 934 1100 975 vivis
1116 933 1371 975 Alexandro
1388 937 1521 987 atque

74 1000 267 1044 Hectore
289 1003 358 1056 agi
383 1006 546 1056 coepta.
605 1002 696 1043 Sed
722 1002 926 1055 quoniam
948 1002 1168 1055 praeterita
1187 1013 1393 1042 revocare
1413 1001 1524 1041 nulli

73 1081 334 1110 concessum
356 1074 438 1119 est,
458 1070 738 1123 praesentium
760 1068 1022 1114 habendam,
1048 1068 1289 1121 futurisque
1310 1068 1523 1109 adhiben-

74 1135 179 1176 dam
214 1137 456 1177 rationem.⁵
517 1136 576 1177 Se
610 1147 801 1188 namque
834 1135 1027 1176 omnium
1048 1147 1146 1188 quae
1173 1135 1356 1175 haberet
1384 1134 1438 1175 ad
1459 1147 1525 1175 re-

74 1202 334 1243 demtionem
376 1203 531 1256 patriae
558 1206 829 1256 potestatem
860 1201 992 1242 dare:
1037 1214 1170 1255 quam
1193 1214 1284 1242 rem
1312 1200 1525 1242 Antenori

76 1269 288 1322 agendam
322 1270 583 1323 permittere.
643 1268 848 1310 Ceterum
868 1281 915 1308 se
947 1269 1156 1321 quoniam
1183 1267 1286 1308 odio
1312 1267 1409 1321 jam
1431 1268 1524 1309 suis

74 1339 205 1385 esset,
222 1337 342 1377 abire
363 1350 387 1377 e
410 1340 668 1390 conspectu,
688 1335 1023 1377 consentientem
1040 1335 1111 1375 his
1129 1347 1230 1388 quae
1250 1335 1364 1375 inter
1384 1347 1433 1375 se
1450 1334 1526 1375 de-

75 1407 312 1444 cernerent.
372 1403 449 1455 [4.]
478 1403 591 1444 Tum
614 1407 821 1456 separato
844 1415 957 1454 rege,
978 1403 1123 1455 placet
1151 1402 1220 1442 uti
1250 1400 1446 1444 Antenor
1468 1403 1526 1444 ad

76 1469 264 1511 Graecos
284 1469 450 1519 redeat,
475 1470 753 1522 exploratum
773 1468 1041 1509 voluntatem
1063 1473 1246 1519 certam,
1268 1469 1527 1522 adjunctus-

75 1549 159 1590 que
178 1537 235 1587 ei‚
257 1536 323 1577 uti
343 1537 556 1586 voluerat,
578 1536 774 1586 AEneas;
812 1536 874 1576 ita
904 1536 1153 1589 composita
1182 1548 1244 1582 re,
1264 1536 1527 1578 disceditur.

75 1601 165 1643 Sed
186 1604 333 1643 media
353 1603 489 1644 ferme
518 1607 662 1652 nocte,
686 1602 861 1643 Helena
889 1603 1000 1643 clam
1025 1602 1082 1643 ad
1102 1601 1372 1643 Antenorem
1392 1604 1527 1653 venit,

76 1669 307 1723 suspicans
327 1669 440 1711 tradi
462 1682 509 1710 se
530 1669 771 1718 Menelao,p
789 1673 832 1709 et
853 1670 912 1710 ob
933 1669 978 1709 id
997 1669 1108 1710 iram
1126 1670 1346 1711 derelictae
1368 1670 1528 1710 domus

75 1739 299 1777 metuens:
330 1737 480 1790 itaque
500 1749 602 1777 eum
621 1740 735 1785 orat,
754 1736 817 1776 uti
831 1736 944 1777 inter
964 1739 1111 1776 cetera
1133 1735 1202 1776 sui
1219 1749 1393 1790 quoque
1407 1736 1529 1790 apud

77 1801 263 1845 Graec'os
285 1803 738 1846 commemorationem
759 1802 935 1854 faceret,
957 1816 1010 1844 ac
1031 1815 1112 1856 pro
1136 1816 1184 1844 se
1207 1803 1527 1857 deprecaretur.

684 1933 921 1947 eeeeeeeeeeee

77 2007 155 2045 gula-
169 2012 248 2040 ante
263 2012 333 2046 m,-
355 2009 505 2041 correxit
523 2009 694 2042 Obrecht.
711 2020 754 2041 ex
772 2010 869 2043 Med.
887 2010 1038 2043 θοὰ-4
1062 2011 1191 2052 Delph.
1207 2014 1243 2042 et
1262 2011 1354 2052 vulg.
1370 2011 1439 2042 odio
1454 2011 1530 2051 diis,

78 2051 201 2083 omissa
216 2061 299 2084 voce
321 2052 380 2094 ait,
402 2052 497 2084 Med.
514 2053 599 2085 Cod.
615 2054 756 2085 hostibus
771 2055 985 2086 odiosum—5
1012 2054 1139 2096 Delph.
1163 2053 1236 2086 hab.
1259 2057 1325 2088 rat.
1341 2054 1374 2092 f.
1398 2064 1429 2094 q.
1455 2064 1531 2086 α.-

731 2147 873 2179 ΝΟΤΙΕ

120 2226 135 2243 ¹³
157 2221 326 2259 Annuere;
353 2224 400 2253 tot
415 2222 555 2253 adversis
576 2221 665 2253 rebus
681 2221 777 2252 Pria-

79 2272 176 2312 mum]
207 2271 273 2302 Hic
289 2271 384 2302 locus
406 2271 464 2302 diu
481 2281 533 2303 me
550 2272 661 2304 torsit.
706 2271 775 2302 Sed

81 2320 214 2352 tandem
231 2330 346 2351 verum
363 2321 438 2360 ejus
459 2331 592 2352 sonsum
609 2322 777 2353 invenisse

80 2380 133 2401 me
150 2375 243 2411 puto,
262 2371 316 2411 qui
334 2371 412 2402 talis
428 2376 499 2402 est:
518 2372 526 2388 ‘
541 2371 664 2402 Cuncti
678 2372 776 2403 simul

81 2419 242 2460 gemitum
260 2420 378 2459 edunt,
392 2420 513 2461 singuli
530 2422 580 2452 vel
597 2431 711 2452 omnes-
728 2421 778 2452 in-

81 2474 134 2500 ter
149 2478 185 2500 se
201 2469 426 2510 deprecantes
439 2470 611 2502 Priamum
629 2471 778 2502 abnuere

80 2521 132 2550 tot
148 2517 248 2550 rebus
263 2518 432 2558 adversis,
449 2524 483 2550 et
503 2519 727 2560 deprecantes
741 2521 779 2551 fi-

80 2577 158 2600 nem
168 2569 400 2601 miseriarnm.’
421 2570 497 2601 Vox
514 2572 523 2587 ⁴
536 2571 781 2611 deprecantes'

81 2616 210 2650 duobus
235 2619 432 2659 praedicatis
457 2620 617 2658 inservit3
651 2620 694 2651 de
711 2630 778 2661 quo

77 2666 147 2707 jam
163 2667 244 2699 alibi
259 2669 400 2701 dictum.
444 2671 454 2688 ‘
466 2670 627 2701 Abnuere
639 2670 648 2683 ’
664 2676 778 2702 autem

79 2718 90 2734 ‘
104 2717 205 2748 rebus
221 2717 369 2750 adversis
381 2718 390 2731 '
406 2719 491 2750 dixit
507 2729 567 2760 pro
581 2719 628 2750 eis
642 2729 779 2760 respon-

83 2776 170 2805 sare,
183 2776 219 2798 se
242 2767 292 2798 eis
317 2778 510 2809 opponere:
547 2769 624 2810 qnia
647 2770 780 2800 scilicet

81 2815 236 2847 Priamus
252 2816 292 2847 iis
308 2827 413 2857 usqne
429 2819 470 2849 ad
488 2819 581 2851 illum
598 2819 685 2851 diem
703 2830 780 2851 con·

168 2868 281 2909 Delplz.
296 2872 325 2900 et
343 2869 418 2901 Var.
438 2871 522 2902 Clas.

831 2221 978 2252 sensisse
996 2221 1188 2258 videbatur,
1204 2232 1280 2254 cum
1294 2223 1462 2255 Helenam
1480 2234 1531 2255 re-

833 2271 1001 2309 tinuisset,
1017 2282 1092 2312 quae
1107 2273 1184 2303 mali
1199 2273 1305 2313 origo.
1352 2274 1464 2305 Possis
1481 2279 1532 2306 ta-

831 2331 907 2352 men
938 2326 974 2352 et
1005 2322 1106 2352 aliter
1136 2322 1339 2363 intelligere.
1386 2323 1395 2339 ‘
1410 2324 1534 2355 Cuncti

833 2370 1014 2402 tendentes
1029 2369 1070 2401 ad
1087 2370 1208 2401 coelum
1226 2373 1532 2411 manus,.gemitnm

831 2419 951 2459 edunt,
963 2425 1015 2451 tot
1028 2420 1178 2451 adversis
1190 2420 1288 2451 rebus
1300 2420 1448 2452 abnuere
1459 2422 1535 2452 Pri-

833 2469 968 2501 amum.'
1013 2470 1053 2500 Id
1079 2474 1144 2508 est,
1163 2469 1252 2510 qnod
1277 2471 1431 2502 Priamus
1455 2476 1535 2511 post

833 2525 882 2552 tot
900 2530 954 2551 res
977 2519 1149 2559 adversas,
1171 2530 1238 2551 non
1262 2522 1474 2553 consentiret
1489 2523 1532 2553 iis

833 2580 908 2611 quae
925 2570 1132 2601 dicerentur.
1154 2570 1221 2601 Sed
1238 2570 1331 2610 prior
1347 2571 1533 2610 explicatio

834 2621 960 2662 potior,
975 2626 1013 2651 ut
1031 2630 1072 2651 ex
1089 2620 1310 2661 sequentibus
1326 2620 1446 2661 liquet.

875 2675 890 2690 ⁰
911 2670 1039 2701 Amicus
1053 2670 1160 2710 antea]
1184 2670 1211 2702 1.
1230 2670 1256 2701 is
1273 2670 1330 2712 qui
1346 2675 1446 2702 antea
1460 2675 1535 2703 erat

833 2729 974 2750 amicus.

876 2773 893 2795 Ρ
920 2768 1015 2801 Τναᾱὶ
1036 2779 1069 2801 se
1087 2768 1244 2810 Menelao]
1279 2769 1320 2802 Id
1345 2773 1410 2808 est,
1430 2769 1533 2802 tradi-

837 2824 907 2851 tum
925 2820 978 2851 iri.

722 2872 810 2903 Dice.
831 2873 918 2904 Cret.
1417 2874 1448 2905 Q
