1915 3231
528 314 591 344 DE
625 312 780 344 BELLo
814 309 1043 341 TROJANO
1078 310 1174 340 mn.
1207 310 1259 340 ιι.
1531 299 1615 340 149

163 408 311 461 magni
350 407 538 450 nominis
574 408 693 449 viros
729 407 1008 455 adventasse,
1050 417 1239 459 propere
1280 415 1405 444 senes
1446 415 1615 451 omnes,

164 488 347 529 quorum
378 475 613 516 consilium
643 475 792 516 haberi
828 473 1010 514 solitum
1046 476 1151 520 erat,
1189 471 1232 510 in
1269 483 1401 510 unum
1435 470 1616 519 ducunt,

163 541 344 583 Priamo
365 555 392 582 a
412 541 516 581 filiis
537 541 659 582 domi
681 543 879 582 retento.c
939 539 1080 591 Igitur
1111 537 1297 590 reliquis
1319 536 1616 590 praesentibus

164 607 439 657 Graecorum,
480 605 742 660 Menelausd
776 607 909 648 verba
944 605 1081 646 facit:
1114 603 1322 645 Secundo
1350 603 1446 657 jam
1482 615 1528 642 se
1560 602 1617 641 ob

164 675 348 716 eandem
368 687 551 715 causam
574 675 765 724 venisse,
797 687 898 715 cum
931 673 1070 714 multa
1104 673 1192 713 alia
1215 672 1448 713 adversum
1469 683 1517 710 se
1539 670 1618 709 do-

164 754 371 794 mumque
394 754 517 782 suam
538 741 751 791 admissa,
772 744 865 781 tum
888 753 1048 792 magno
1070 753 1171 781 cum
1193 738 1356 791 gemitu
1379 737 1482 778 filiae
1503 737 1618 777 orbi-

165 813 332 850 tatem0
364 821 442 862 per
473 808 721 849 absentiam
744 804 973 861 conjugisf
1005 806 1250 859 conqueri.4
1310 803 1426 854 Quae
1461 808 1620 844 cuncta

164 876 220 916 ab
240 876 386 916 amico
400 875 620 928 quondam
636 880 682 915 et
692 875 882 928 hospite,
897 887 981 914 non
999 872 1239 914 secundum
1257 872 1456 911 meritum
1471 883 1617 919 suum,

164 943 379 983 evenisse.
439 941 507 982 Ea
544 943 736 983 seniores
771 940 1082 981 lamentatione
1116 938 1353 980 immodica
1371 942 1386 967 5
1423 950 1520 978 cum
1550 937 1618 977 la-

166 1009 328 1061 crymis
358 1009 642 1062 accipientes,
673 1009 730 1049 ad
762 1008 909 1049 omnia
928 1020 1027 1061 quae
1060 1007 1116 1047 ab
1139 1019 1193 1047 eo
1216 1005 1494 1053 dicebantur,
1525 1008 1620 1044 tan-

167 1088 300 1128 quam
322 1075 495 1129 injuriae
516 1075 611 1128 ejus
632 1072 910 1128 participes,⁶
924 1078 1151 1114 annuere.g
1183 1072 1291 1113 Post
1307 1085 1407 1126 quae
1426 1071 1617 1124 Ulysses

165 1142 338 1182 medius
351 1140 534 1190 astans,h
557 1140 863 1194 hujuscemodi
883 1139 1131 1181 orationem
1152 1139 1330 1179 habuit:
1352 1138 1463 1192 [QL]
1486 1141 1497 1158 ‘
1513 1137 1617 1178 Cre-

168 1208 226 1248 do
258 1221 341 1261 ego
374 1221 470 1257 vos,
508 1208 691 1261 Trojani
722 1207 965 1260 principes,
999 1206 1109 1246 satis
1142 1212 1415 1258 compertum
1445 1206 1620 1252 habere,

167 1274 277 1315 nihil
298 1279 457 1316 temere
475 1274 680 1324 Graecos,
701 1274 807 1314 nihil
829 1274 1128 1314 inconsultum
1150 1273 1346 1325 incipere
1364 1272 1506 1313 solere
1525 1286 1535 1321 3
1568 1284 1620 1313 ac

764 1394 861 1405 ‘em
866 1393 1006 1404 eeeeeee

168 1480 231 1509 -4
256 1479 381 1518 Delph.
395 1480 567 1519 quaeri.--5
592 1480 718 1520 Delph.
736 1484 769 1510 et
786 1480 875 1520 vulg.
895 1481 975 1510 Eam
992 1480 1126 1511 seniores
1136 1480 1384 1510 lamentationem
1406 1477 1622 1513 immodicam,-

169 1531 244 1562 quae
269 1521 370 1553 lectio
393 1531 460 1552 non
492 1521 655 1563 displicet
684 1522 945 1562 Vindingio.-—6
969 1523 1091 1562 Delph.
1115 1522 1348 1562 p‹1tientes.--7
1373 1521 1501 1561 Delpli.
1527 1521 1622 1551 iis——

828 1627 968 1659 NOTAE

208 1705 220 1720 ἒ
245 1700 377 1731 Priamo
400 1710 419 1730 a
434 1700 518 1741 filiis
542 1701 625 1731 domi
649 1700 786 1741 retento]
811 1701 866 1732 Ne

166 1751 305 1780 consilio
315 1750 511 1790 interesset,
522 1750 685 1792 reddique
697 1751 865 1781 Helenam

168 1801 282 1831 vellet.

206 1850 221 1871 ‘¹
235 1850 378 1890 Reliquis
386 1849 593 1891 praesentibus
605 1850 786 1880 Groecorum
795 1850 865 1880 Me-

163 1901 285 1940 nelaus]
312 1899 480 1930 Mutanda
497 1899 686 1939 distinctio,
703 1899 770 1929 sic:
794 1903 802 1916 ‘
815 1908 865 1929 re-

163 1950 264 1991 liquis
281 1949 517 1990 praesenfibus,
530 1949 728 1980 Graecorum
745 1948 864 1980 Mene-

164 2000 262 2039 laus,'
277 2002 341 2031 &c.
356 2001 417 2031 τῶν
430 1997 589 2036 Ἑλλήνων
604 2000 620 2029 ὅ
636 1996 809 2038 Μενέλεως,
827 2004 865 2030 ut

166 2059 282 2091 supra,
297 2051 510 2090 ‘legatorum
527 2050 756 2081 Palamedes.’

208 2106 222 2120 θ
246 2100 341 2131 Filioe
356 2100 536 2140 orbitatem]
562 2100 757 2131 Hermionae
774 2100 866 2131 scili-

165 2155 235 2190 cet,
252 2161 350 2192 quam
367 2160 410 2182 ex
428 2150 562 2182 Helena
577 2155 780 2192 susceperat
793 2151 866 2182 Me·

166 2202 296 2232 nelaus-

207 2250 219 2271 s
242 2250 408 2290 eonjugis]
435 2250 589 2282 Helenae.

208 2307 224 2329 g
247 2301 407 2342 Annuere]
438 2300 649 2332 Subauditur
675 2305 868 2341 coeperunt.

165 2353 295 2384 Tamen
307 2353 492 2392 impensius
504 2352 618 2392 placet
629 2356 668 2383 nt
677 2352 687 2368 ‘
697 2351 870 2391 annuere‚’

124 2419 126 2425 ν
166 2403 355 2444 penultima
369 2403 480 2443 longa,
496 2402 747 2442 pronuntietur,
768 2408 807 2433 ut
823 2401 868 2433 sit

167 2453 329 2493 temporis
347 2451 536 2492 praeteriti:
553 2452 630 2492 lege
643 2451 743 2483 modo
759 2456 795 2483 et
809 2460 866 2482 ail-

168 2512 220 2534 res
237 2503 386 2534 consule.

208 2552 223 2573 ¹¹
250 2554 377 2594 Ulysses
400 2552 521 2584 medius
542 2551 664 2592 astans]
701 2552 804 2583 Certe
832 2551 866 2582 in

165 2602 228 2633 hac
244 2603 412 2642 oratione,
429 2612 506 2643 quae
521 2602 658 2642 elegans
675 2607 727 2633 est
745 2606 780 2633 et
796 2602 866 2642 ple-

166 2662 209 2683 na
222 2653 356 2692 virium,
367 2653 500 2694 Ulyssis
509 2653 709 2684 charactera
717 2652 867 2683 servavit

167 2702 290 2742 Dictys
318 2713 416 2744 quam
444 2703 590 2734 maxime
618 2703 742 2744 potuit,
771 2703 867 2744 cujus

168 2752 235 2782 vim
249 2758 284 2784 et
299 2752 433 2784 dicendi
459 2752 596 2784 modurn
624 2753 674 2784 ita
699 2753 868 2784 describit

169 2801 308 2833 Homer.
334 2802 375 2832 ΙΙ.
402 2806 435 2834 Γ.
470 2802 560 2833 Ἀλλ’
576 2801 627 2833 ὅτε
642 2802 679 2840 δὴ
694 2802 868 2841 πολύμητις

169 2850 315 2890 ἀναΐξειεν
343 2851 522 2892 Ὀδυσσεὺς,
547 2851 699 2888 Στάσκεν,
732 2852 803 2885 ὑπαὶ
834 2851 867 2884 δὲ

921 1701 1036 1738 ἴδεσκε,
1045 1700 1126 1731 κατὰ
1136 1699 1246 1739 χθονὸς
1259 1700 1382 1738 ὄμματα
1393 1699 1500 1738 πήξας,
1518 1701 1620 1735 Σκῆπ-

920 1763 995 1791 τρον
1020 1751 1045 1781 δ’
1060 1751 1124 1781 οὔτ’
1140 1750 1238 1781 ὀπίσω
1263 1751 1334 1781 οὔτε
1352 1750 1522 1790 προπρηνὲς
1549 1750 1622 1780 ἔνω-

920 1813 974 1839 μα,
990 1801 1077 1831 Ἀλλ’
1102 1800 1262 1840 ἀστεμφὲς
1280 1800 1414 1840 ἔχεσκεν
1430 1799 1529 1840 ἀΐδρεϊ
1542 1800 1623 1838 φωτὶ

920 1851 1035 1883 ἐοικώς.
1060 1851 1155 1888 *ains
1182 1863 1216 1882 κε
1239 1849 1370 1889 ζάκοτόν
1392 1862 1462 1881 τινα
1484 1849 1622 1888 ἔμμεναι,

920 1900 1040 1942 ἄφρονά
1056 1902 1082 1932 θ’
1097 1901 1208 1932 αὕτως·
1245 1901 1335 1931 Ἀλλ’
1352 1899 1405 1931 ὅτε
1420 1899 1456 1936 δή
1471 1900 1495 1939 ῥ’
1513 1899 1573 1930 ὄπα
1586 1912 1624 1930 τε

920 1951 1065 1991 μεγάλην
1087 1951 1121 1982 ἐκ
1142 1950 1272 1988 στήθεος
1293 1950 1347 1988 ἵει,
1364 1949 1423 1980 Καὶ
1444 1949 1519 1980 ἔπεα
1534 1948 1624 1988 νιφά-

921 2004 1028 2033 δεσσιν
1043 2001 1166 2033 ἐοικότα
1176 2000 1379 2042 χειμερίῃσιν,
1396 2001 1462 2031 Οὐκ
1476 2000 1514 2031 ἂν
1529 1999 1625 2031 ἔπειτ’

918 2052 1046 2089 Ὀδυσῆί
1067 2052 1098 2091 ’γ’
1116 2051 1224 2091 ἐρίσειε
1245 2050 1357 2091 βροτὸς
1379 2050 1488 2082 ἄλλος.
1532 2054 1541 2067 ‘
1555 2051 1623 2082 Ve-

920 2112 993 2133 rum
1019 2102 1152 2143 quando
1170 2103 1220 2132 vii·
1236 2102 1333 2132 multi
1351 2101 1484 2132 consilii
1507 2111 1625 2141 surge-

921 2158 975 2185 ret
986 2153 1141 2193 Ulysses‚
1156 2152 1290 2189 Stabat,
1305 2151 1365 2182 snb
1383 2160 1488 2191 usque
1505 2160 1623 2181 cerne-

920 2204 996 2243 bat,
1011 2203 1102 2234 humi
1117 2203 1231 2234 oculos
1247 2201 1412 2242 defigens.
1443 2203 1622 2241 sceptrum

922 2258 1036 2285 autem
1053 2263 1163 2294 neque
1179 2258 1378 2289 retrorsum,
1392 2260 1501 2292 neque
1518 2251 1551 2281 in
1566 2260 1624 2281 an-

922 2304 1082 2335 teriorem
1112 2308 1245 2343 partem
1271 2300 1445 2339 movebat,
1468 2300 1535 2331 Sed
1564 2301 1624 2331 im-

922 2353 1045 2384 mobile
1062 2352 1218 2392 tenebat‚
1234 2350 1394 2391 imperito
1409 2350 1480 2381 viro
1495 2350 1624 2382 similis.

922 2403 1078 2435 Dixisses
1106 2403 1222 2442 utique
1248 2400 1446 2432 iracundum
1474 2401 1622 2442 aliquem

921 2463 998 2484 esse
1011 2459 1045 2484 et
1063 2452 1254 2483 dementem
1269 2455 1411 2482 temere.
1455 2449 1503 2481 At
1517 2460 1623 2491 quan-

921 2505 964 2535 do
977 2503 1113 2535 taudem
1126 2511 1241 2533 vocem
1253 2509 1408 2541 magnam
1422 2509 1465 2530 ex
1481 2506 1623 2541 pectore

921 2553 1116 2592 emittebat,
1140 2552 1185 2582 Et
1209 2550 1313 2581 verba
1339 2549 1473 2581 nivibus
1502 2550 1625 2582 similia

921 2602 1093 2643 hybernis,
1125 2601 1204 2632 Non
1235 2598 1359 2630 deiude
1391 2608 1467 2629 cum
1499 2599 1623 2640 Ulysse

921 2652 1157 2684 contendisset
1170 2651 1270 2681 bomo
1285 2649 1394 2680 alius!
1438 2649 1549 2681 Quem
1575 2651 1623 2681 lo-

922 2713 998 2735 cum
1023 2701 1102 2733 ideo
1128 2705 1236 2732 totum
1262 2698 1441 2740 descripsi,
1474 2699 1552 2740 quia
1581 2709 1623 2731 eo

922 2752 1019 2784 nobis
1042 2751 1211 2783 Homerus
1234 2750 1424 2789 elegantem
1449 2754 1622 2782 oratorum

922 2804 974 2835 sui
996 2803 1157 2843 temporis
1175 2801 1281 2832 ideam
1301 2804 1536 2840 repraesentat.
