1915 3231
526 311 589 340 DE
622 309 862 341 ms'roRrA
899 308 1040 338 BELL!
1077 309 1312 340 rRoJANr.
1578 300 1638 341 29

182 404 262 446 sed
279 408 322 447 et
341 418 398 446 ex
419 404 535 455 aliis,
556 410 602 446 et
622 405 819 446 maxime
840 417 895 444 ex
919 403 1115 458 Sisypho
1147 404 1260 454 Coo,
1283 404 1497 457 scriptore
1520 404 1636 458 ejus-

181 471 279 512 dem
298 472 452 513 farinae
475 476 517 513 et
537 477 672 522 notae,
697 485 826 525 quem
847 472 1070 512 finxerunt
1089 471 1253 513 Teucri
1272 472 1318 512 in
1344 472 1434 512 ista
1455 473 1638 526 expedi-

179 539 298 580 tione
331 539 471 580 fuisse
493 539 726 588 Comitem,
748 542 794 579 et
826 545 926 579 ante
958 538 1205 580 Homerum
1235 539 1390 580 itidem
1419 539 1636 593 Trojanas

180 617 252 646 res
275 608 521 659 posteritati
543 606 809 659 prodidisse.
868 605 986 647 Vide
1018 605 1173 647 Malel.
1203 619 1303 659 pag.
1326 606 1424 648 167.
1462 610 1507 648 et
1536 606 1637 649 168.

182 672 294 714 Inde
316 687 416 727 ergo
437 674 592 715 habuit
611 673 804 714 Malelas
826 672 942 713 haud
961 672 1094 714 dubie
1115 685 1259 726 pauca
1279 673 1370 722 illa,
1386 686 1488 727 quae
1511 674 1639 715 aliter

183 753 237 781 ac
259 740 501 794 Septimius
530 754 587 781 ex
623 753 707 781 sua
737 740 927 795 Dictyos
960 740 1252 795 Ephemeride
1279 740 1424 781 refert.
1481 741 1637 783 Taceo

181 808 328 858 etiam,
351 808 612 862 Septimium
641 807 820 849 liberius
850 808 896 848 in
925 807 1134 849 vertendo
1165 808 1323 861 egisse,
1345 820 1399 849 ac
1424 809 1558 850 modo
1576 809 1639 850 in-

182 875 375 917 dulsisse
397 876 586 917 orationi
609 876 650 916 in
672 877 806 917 rebus
837 875 1039 916 disertius
1060 874 1371 928 explanandis,
1392 875 1524 916 modo
1543 889 1639 917 nar-

182 943 394 984 rationem
426 956 568 983 rerum
597 944 890 993 contraxisse,
914 942 1129 984 Malelam
1163 955 1286 992 vere,
1317 947 1368 983 ut
1390 943 1639 996 saepissime

182 1010 229 1051 in
249 1010 350 1051 aliis
370 1010 479 1051 facit
499 1010 709 1060 historiis,
732 1010 866 1051 etiam
887 1010 958 1051 hic
981 1009 1099 1051 haud
1121 1009 1268 1059 dubie,
1285 1010 1508 1051 memoriae
1530 1010 1639 1051 vitio

184 1082 263 1119 aut
280 1078 513 1131 imperitiae
535 1078 684 1130 culpa,
707 1078 874 1130 saepius
905 1090 1102 1128 errasse;
1133 1076 1321 1129 denique
1351 1089 1474 1129 saepe
1505 1076 1639 1118 etiam

184 1145 409 1198 utriusque
430 1144 632 1185 librarios
653 1156 680 1184 a
694 1157 799 1185 vero
816 1149 861 1184 et
887 1144 1075 1196 genuino
1096 1143 1238 1196 ipsius
1260 1144 1456 1184 auctoris
1477 1143 1642 1185 deflex-

183 1213 289 1253 isse.
349 1210 452 1260 Quo
483 1210 640 1261 refero,
672 1211 864 1252 incertus
897 1215 1058 1259 tamen,
1088 1214 1230 1251 utrum
1262 1210 1319 1251 ad
1350 1210 1639 1261 librariorum,

185 1291 242 1320 an
263 1279 414 1333 potius
438 1277 615 1319 Malelae
646 1277 785 1331 ipsius
806 1277 1001 1330 culpam,
1023 1276 1144 1330 quod
1174 1278 1217 1317 in
1244 1277 1378 1318 modo
1400 1282 1641 1319 memorata

185 1345 371 1387 historia
390 1346 572 1386 alteram
589 1345 758 1386 illarum
781 1344 977 1385 Menelai
999 1344 1206 1394 affinium,
1225 1358 1314 1386 non
1347 1348 1360 1367 ‘
1374 1344 1643 1399 Clymenen‚’

186 1418 234 1455 ut
262 1413 367 1454 facit
398 1412 641 1462 Homerus,
660 1411 867 1462 Ovidius,
899 1416 942 1453 et
962 1412 1208 1465 Septimius
1226 1416 1389 1462 noster,
1410 1411 1488 1452 sed
1512 1415 1524 1435 ‘
1539 1411 1642 1466 Cly-

188 1483 485 1522 taemnestram
504 1479 514 1495 '
545 1493 718 1533 semper
738 1484 879 1520 vocet.
938 1478 1129 1520 Accedit
1149 1479 1232 1528 his,
1254 1479 1371 1532 quod
1393 1482 1435 1519 et
1451 1479 1642 1520 Malelas

185 1561 273 1589 non
287 1546 569 1600 descripserit
584 1547 714 1600 plane
737 1546 917 1599 Dictyn,
932 1545 1011 1586 sed
1026 1558 1198 1587 summa
1218 1545 1368 1586 itidem
1392 1559 1489 1586 curn
1510 1545 1642 1587 liber-

187 1617 278 1655 tate
298 1627 355 1655 ex
375 1613 585 1654 memoria
602 1613 778 1666 longius
809 1618 889 1654 aut
908 1613 1087 1654 brevius
1119 1613 1212 1654 suis
1243 1612 1391 1654 verbis
1411 1626 1482 1654 res
1512 1625 1568 1654 ex
1589 1626 1642 1654 eo

189 1681 387 1735 singulas
416 1680 699 1735 expresserit,
727 1684 775 1721 ut
801 1679 946 1733 liquet
976 1692 1035 1720 ex
1070 1683 1136 1722 tot
1165 1680 1364 1722 barbaris
1394 1680 1642 1731 vocabulis,

187 1749 319 1790 sicuti
339 1748 506 1802 passim
538 1748 660 1798 alibi,
682 1748 746 1789 ita
783 1747 828 1788 in
858 1747 942 1789 hac
971 1760 1148 1802 quoque
1176 1746 1364 1789 historia
1394 1747 1511 1802 apud
1541 1761 1641 1789 eum

187 1816 531 1858 occurrentibus
592 1815 750 1856 Veluti
772 1813 940 1856 δουλίδων
960 1813 1291 1870 κουβικουλαρίων,
1313 1815 1413 1856 119.
1442 1814 1642 1869 πραιὸεὗειν

187 1884 250 1932 τὴν
277 1881 426 1938 χώραν,
447 1883 546 1924 126.
576 1883 611 1923 ἐν
641 1885 697 1937 τῷ
729 1881 802 1938 ἰδίῳ
833 1887 1061 1933 παπυλεῶνι,
1094 1883 1191 1925 127.
1221 1881 1298 1923 ἴδια
1324 1880 1513 1935 μανὸάτα,
1543 1882 1641 1923 136.

188 1956 231 1994 et
251 1952 354 2003 alia,
382 1965 483 2006 quae
506 1951 778 1994 alienissima
801 1957 902 1995 sunt
923 1965 950 1995 a
974 1951 1140 1995 Graeco
1163 1951 1377 2007 temporis
1401 1951 1642 2006 Neroniani

191 2019 420 2073 scriptore.

249 2097 365 2128 xm.
396 2085 533 2128 Aliud
566 2100 670 2128 vero
700 2087 802 2129 huic
835 2087 1064 2129 sententiae
1096 2086 1311 2141 opposuit
1331 2086 1416 2127 Vir
1437 2085 1642 2127 doctissi-

190 2167 303 2202 mus,
324 2153 423 2195 Jos.
447 2154 687 2204 Mercerus,
719 2159 765 2195 et
796 2167 896 2208 quae
930 2167 1032 2196 eum
1072 2155 1286 2208 sequitur,
1329 2152 1460 2194 Anna
1491 2153 1644 2204 Fabri,

190 2221 413 2263 credentes
443 2221 623 2275 pariter,
645 2222 811 2275 Dictyn
841 2221 981 2272 illum,
1013 2221 1172 2276 ‘cujus
1195 2222 1363 2263 mentio
1390 2220 1510 2274 apud
1541 2221 1643 2262 Sui-

190 2290 292 2330 dam
330 2293 375 2330 et
411 2289 616 2339 Tzetzen,
650 2289 785 2330 alium
815 2303 914 2330 esse
944 2302 972 2331 a
1003 2288 1188 2340 Nostro,
1225 2289 1332 2343 quia
1361 2289 1480 2342 apud
1519 2289 1642 2330 illum

191 2356 385 2406 OEnone,
409 2357 559 2397 audita
579 2361 717 2398 morte
738 2357 934 2408 Paridis,
957 2357 1195 2412 suspendio
1227 2357 1421 2410 seipsam
1452 2356 1643 2397 sustule-

190 2425 260 2475 rit,
300 2438 401 2479 quae
439 2425 559 2477 apud
594 2424 806 2465 Nostrum
831 2436 896 2465 iv.
927 2424 999 2466 21.
1033 2437 1112 2478 per
1146 2436 1378 2465 moerorem
1415 2423 1642 2464 deficiente

191 2493 336 2533 animo
356 2491 630 2534 conciderit-⁹
668 2492 937 2547 Respiciunt
951 2493 1098 2534 locum
1110 2491 1289 2533 Tzetzis
1311 2490 1366 2532 ad
1386 2490 1643 2544 Lycophro-

191 2572 307 2609 nem,
327 2559 398 2600 61.
418 2559 493 2600 ubi
511 2559 669 2601 dicitur
689 2558 882 2609 OEnone,
896 2573 996 2602 cum
1010 2558 1369 2613 deprehendisset
1390 2560 1403 2578 ‘
1423 2562 1644 2598 mortuum

186 2625 280 2678 jam
312 2625 461 2676 Parin,
491 2640 539 2667 se
578 2627 722 2680 ipsam
754 2626 1007 2676 sustulisse,
1028 2625 1102 2667 vel
1134 2624 1374 2666 secundum
1406 2621 1645 2672 Cointum,'

191 2697 342 2746 (quem
362 2707 390 2735 a
410 2693 578 2744 Quinto
599 2694 789 2735 Calabro
810 2697 1019 2748 tanquam
1041 2693 1259 2734 diversum
1281 2690 1396 2731 male
1415 2689 1645 2742 distinguit

193 2760 339 2810 Anna,
355 2764 510 2802 notans
528 2761 582 2802 ad
601 2762 747 2803 1v.21.
780 2764 791 2783 ‘
811 2760 1016 2802 Cointum
1035 2762 1212 2801 secutus
1230 2757 1288 2808 Q·
1305 2755 1521 2806 Calaber,'
1543 2769 1644 2798 cum

197 2839 308 2868 unus
340 2826 547 2882 idemque
580 2828 726 2878 suerit,
769 2828 823 2869 dc
863 2840 951 2882 quo
981 2827 1115 2869 velim
1154 2825 1305 2867 videas
1339 2836 1441 2878 quae
1475 2824 1645 2866 notavit
