1915 3231
321 268 405 310 194

790 279 998 310 DlCTYOS
1031 280 1302 311 CRETENSIS

323 370 480 425 Meges
510 372 640 413 etiam
669 376 714 412 et
746 370 1006 427 Agapenor3
1035 372 1145 413 alter
1179 372 1481 415 Echinadibus
1513 373 1764 427 imperator,

321 437 563 492 Agapenor
583 438 805 480 Arcadiae.
865 438 983 481 Inter
1004 453 1102 493 quae
1125 444 1214 482 tam
1238 440 1406 491 foeda,W
1441 443 1563 482 tanta
1583 440 1767 481 inclina-

322 505 441 546 tione
474 511 652 555 rerum,⁹
682 505 915 547 Patroclus
946 506 1164 547 fortunam
1195 507 1298 547 belli
1318 507 1492 548 vincere
1521 518 1766 559 aggressus,

324 570 426 611 dum
447 571 645 612 hortatur
675 584 777 613 suos
809 572 941 612 simul
977 575 1107 626 atque
1138 573 1274 614 instat
1304 573 1521 623 hostibus,
1557 572 1769 625 promtior

324 651 455 691 quam
474 638 668 680 bellandi
687 651 784 679 mos
805 643 907 688 estss‘
938 638 1026 680 telo
1048 639 1273 692 Euphorbi
1293 640 1436 681 ictusy
1458 639 1568 680 ruit:
1599 638 1769 679 statim-

325 717 409 757 que
431 704 601 746 Hector
621 704 834 745 advolans
856 717 957 745 eum
978 705 1201 758 opprimit,
1234 719 1286 748 ac
1307 707 1497 759 desuper
1516 704 1770 746 vulneribus

326 770 480 812 multis
511 771 650 812 fodit:
682 777 903 824 moxque¹
934 771 1086 812 nititur
1120 772 1371 814 abstrahere
1404 772 1573 827 praelio,
1604 771 1772 812 scilicet

326 838 558 880 insolentia
578 838 717 891 gentis
737 851 830 879 suae
847 842 862 860 2
884 838 1065 879 illudere
1087 840 1270 892 cupiens
1286 853 1366 893 per
1385 841 1594 882 universa
1613 851 1772 892 genera

328 904 735 945 dehonestamenti.²
776 902 911 953 Quod
931 904 1006 944 ubi
1025 903 1156 958 Ajaci
1177 907 1395 959 cognitum
1416 911 1499 956 est,
1516 906 1672 947 relicto
1693 905 1770 946 ubi

328 976 631 1024 pugnaverat?
665 982 849 1024 propere
871 970 1068 1020 accurrit,
1096 971 1280 1026 jamque
1305 973 1468 1026 eripere
1489 972 1679 1015 cadaver
1699 985 1773 1013 oc-

932 1106 1172 1120 ‘O‘O‘NNOOO

331 1196 412 1228 tione
435 1198 609 1227 rerum—l
635 1194 761 1236 Delph.
775 1194 982 1227 enititum—2
1004 1196 1125 1228 Barth.
1148 1196 1357 1229 eradendam
1383 1197 1458 1229 vult
1479 1195 1633 1228 voculam
1655 1205 1775 1228 sum.—

987 1324 1020 1356 N
1026 1324 1127 1356 OTAE

332 1400 341 1416 ‘
357 1397 507 1430 sublimis
522 1397 530 1410 ⁷
553 1403 587 1429 et
619 1396 629 1413 ‘
643 1396 828 1439 sublimus‚'
841 1399 906 1430 διο.
949 1397 1026 1431 Jam

337 1459 453 1489 supra.

378 1505 392 1519 ¹1
417 1499 592 1530 Arcesilaus
617 1497 774 1538 Boeotins]
817 1498 1030 1530 Arcesilaum

337 1548 380 1579 ab
406 1549 559 1580 Hectore
584 1549 729 1580 occisum
747 1547 831 1579 dicit
849 1549 1032 1589 Homerus,

328 1598 379 1630 ⁷11.
397 1604 433 1630 O.
457 1609 601 1641 eumque
617 1610 682 1631 non
699 1610 774 1631 cum
794 1599 949 1640 Schedio,
971 1601 1031 1632 sed

338 1660 413 1681 cum
425 1650 554 1681 Stichio
564 1650 735 1681 Mnesthei
748 1650 836 1680 socio
845 1651 1033 1690 conjungit.

330 1699 453 1739 ἼΞκτωρ
466 1698 523 1737 μὲν
546 1700 674 1738 Στιχίον
698 1711 734 1730 τε
757 1699 807 1730 καὶ
831 1700 1034 1741 Ἀρκεσίλαον

340 1749 465 1789 ἔπεφνε,
479 1749 537 1780 Τὸν
549 1749 604 1788 μὲν
629 1752 766 1781 Βοιωτῶν
792 1749 932 1791 ἡγήτορα
951 1756 1034 1790 χαλ-

339 1800 528 1839 κοχιτώνων,
543 1799 602 1830 Τὸν
618 1799 650 1830 δὲ
667 1801 842 1837 Μενεσθῆος
857 1800 1036 1839 μεγαθύμου

339 1849 452 1880 πιστὸν·
472 1850 601 1889 ἑταῖρον.
625 1850 634 1865 ‘
653 1849 785 1880 Hector
809 1849 944 1890 quidem
969 1850 1037 1881 Sti-

342 1901 454 1931 chium
480 1904 515 1930 et
538 1899 747 1930 Arcesilaum
765 1898 911 1938 occidit;
935 1899 1036 1931 Hunc

342 1949 477 1990 quidem
511 1949 703 1980 Baeotorum
731 1948 850 1979 ducem
881 1950 1036 1981 loricato-

343 2010 429 2038 rum,
454 1999 554 2030 Illum
589 2003 700 2029 autem
731 1998 901 2029 Mnesthei
932 1998 1036 2030 fidum

345 2048 492 2081 socium)

388 2106 400 2118 v
419 2099 568 2130 Schedius
586 2098 803 2138 Crissaeorum]
842 2097 1038 2129 Phocenses

346 2149 494 2179 ducebat
519 2148 705 2179 Schedius:
730 2148 789 2178 sed
807 2147 840 2177 in
857 2156 971 2178 eorum
989 2157 1039 2178 re-

346 2199 444 2237 gione
461 2198 584 2229 Crissa.
620 2197 762 2228 Homer.
786 2196 923 2237 Kplmrav
937 2208 972 2227 τε
989 2196 1039 2235 ζα-

347 2248 429 2287 θέην,
444 2250 507 2278 ἃο.
552 2248 596 2278 Et
616 2247 703 2278 hunc
718 2247 897 2278 Schedium
914 2248 1040 2279 Home-

349 2308 403 2328 rus
431 2297 473 2328 ab
500 2297 650 2328 Hectore
677 2295 894 2327 interfectum
916 2301 1043 2336 narrat,

348 2349 441 2380 circa
457 2347 601 2378 cadaver
617 2347 779 2378 Patrocli.
826 2345 908 2376 Post
931 2347 940 2363 ‘
953 2346 1042 2377 Cris-

350 2396 516 2438 saeorun1,'
539 2396 694 2438 ponenda
709 2396 894 2427 distinctio.
917 2394 927 2411 ‘
942 2395 1043 2427 Sche-

351 2449 425 2479 dius
450 2448 681 2487 Crissaeomm,
705 2451 849 2488 uterque
865 2445 969 2476 duces
985 2454 1044 2485 op·

353 2497 448 2536 thni‚’
465 2499 528 2528 &c-

395 2555 414 2568 W
441 2546 625 2586 Tamsoedu]
647 2546 790 2577 Foedare
803 2549 839 2576 et
856 2543 993 2583 foedum,
1011 2544 1044 2575 id

354 2604 418 2637 est,
440 2600 449 2615 ‘
462 2596 666 2636 cruentare‚’
690 2595 826 2637 proprie
842 2595 884 2627 de
901 2595 1044 2626 vulneri-

356 2650 417 2679 bus
433 2655 467 2678 et
485 2652 611 2686 strage.
639 2646 753 2677 Livius
770 2655 873 2686 saepe.
895 2645 951 2676 Sic
967 2646 1045 2676 Vir-

355 2700 412 2741 gil.
438 2704 445 2716 ¹
461 2699 648 2739 Impulerat
673 2697 761 2728 ferro
786 2697 962 2737 Argolicas
987 2696 1046 2728 foe-

356 2750 437 2781 dare
468 2747 640 2779 latebras!
692 2748 801 2778 Item:
835 2747 1047 2778 ‘Obscoeuas

358 2799 467 2840 pelagi
498 2798 586 2829 ferro
617 2796 745 2829 foedare
771 2796 948 2829 volucres!
993 2795 1050 2828 Sic

1083 1399 1234 1432 Ennius:
1257 1400 1267 1417 ⁴
1282 1400 1386 1431 Ferro
1409 1399 1529 1431 fcedati
1548 1397 1691 1440 jacent:
1731 1398 1778 1429 Et

1082 1450 1226 1481 Plautus
1241 1460 1248 1481 :
1272 1451 1282 1468 ⁴
1300 1450 1444 1481 Foedant
1458 1454 1494 1481 et
1510 1453 1687 1491 proterunt
1703 1447 1780 1479 hos-

1084 1499 1166 1531 tium
1183 1499 1323 1540 copias.’

1126 1555 1142 1570 x
1175 1550 1333 1581 promtior
1359 1559 1449 1590 quam
1472 1547 1605 1580 bellandi
1625 1557 1690 1578 mos
1714 1547 1778 1588 est]

1086 1599 1166 1630 Non
1184 1598 1282 1630 video
1297 1608 1359 1630 cur
1375 1598 1438 1630 hoc
1465 1598 1602 1638 Dictys,
1620 1600 1658 1628 et
1672 1596 1725 1627 hic
1743 1599 1781 1627 ut

1085 1649 1168 1680 alibi
1185 1649 1454 1690 saepejudicium
1470 1648 1640 1680 desidero.

1129 1705 1142 1726 Υ
1171 1700 1243 1731 Telo
1273 1699 1432 1740 Euphorbi
1460 1697 1558 1737 ictus]
1595 1697 1781 1728 Homerum

1087 1748 1140 1780 hic
1157 1750 1323 1790 sequitur,
1336 1749 1393 1790 qui
1411 1749 1450 1780 11.
1466 1753 1504 1779 Π.
1527 1747 1648 1779 scribit
1663 1746 1783 1777 Patro-

1086 1799 1173 1830 clum
1191 1800 1299 1840 primo
1316 1799 1358 1830 ab
1379 1798 1561 1839 Euphorbo
1576 1797 1677 1828 hasta
1693 1795 1784 1826 inter

1087 1849 1242 1881 humeros
1258 1849 1482 1889 confixum,et
1492 1846 1674 1879 secundum
1691 1850 1784 1886 post-

1087 1909 1128 1930 ea
1150 1900 1183 1931 in
1205 1910 1281 1931 eum
1303 1900 1488 1931 Hectorem
1511 1897 1662 1936 irruisse,
1685 1896 1784 1937 eique

1090 1949 1188 1981 hasta
1203 1960 1264 1981 sua
1278 1951 1364 1981 latus
1379 1948 1539 1980 hausisse.
1573 1944 1672 1979 Quod
1689 1945 1787 1976 addit

1091 2000 1216 2040 Dictys
1243 1999 1286 2030 de
1315 1999 1520 2036 vulneribus,
1546 1996 1581 2027 id
1608 2004 1689 2027 vero
1713 1995 1786 2035 ipse

1092 2054 1303 2080 commentus
1326 2054 1392 2088 est,
1416 2057 1460 2078 ne
1480 2046 1667 2078 Homerum
1691 2053 1787 2075 secu-

1093 2102 1146 2129 tus
1164 2098 1346 2129 videretur.

1134 2153 1146 2168 ²
1162 2148 1299 2179 Illudere
1313 2147 1435 2187 cupiens
1447 2157 1502 2188 per
1516 2146 1660 2177 universa
1672 2154 1790 2184 genera

1093 2197 1368 2237 delionestamentz']
1392 2197 1560 2236 Respexit
1584 2196 1696 2227 locum
1718 2195 1789 2226 Ho-

1095 2257 1178 2278 mer.
1200 2248 1242 2278 Il.
1259 2252 1291 2279 P.
1305 2246 1429 2288 Ἕκτωρ
1442 2245 1501 2285 μὲν
1516 2244 1707 2285 Πάτροκλον,
1723 2244 1789 2276 ἐπεὶ

1096 2296 1196 2327 κλυτὰ
1207 2295 1312 2336 τεύχε’
1324 2296 1456 2337 ἀπηύρα,
1467 2296 1561 2336 Ἔλχ’
1573 2296 1609 2327 ἵν’
1623 2295 1673 2326 ἀπ’
1685 2296 1791 2334 ὤμοιϊν

1096 2346 1237 2384 κεφαλὴν
1250 2345 1340 2384 τάμοι
1356 2345 1419 2385 ὀξέϊ
1432 2351 1555 2384 χαλκῳ,
1579 2343 1641 2375 Τὸν
1654 2343 1686 2375 δὲ
1702 2342 1792 2375 νέκυν

1096 2397 1233 2438 Τρωῇσιν
1248 2395 1449 2437 ἐρυσσάμενος
1464 2394 1534 2426 κυσὶ
1547 2394 1624 2431 δοίη.
1637 2394 1647 2411 ‘
1659 2393 1792 2425 Hector

1099 2446 1231 2487 quidem
1249 2446 1459 2484 Patroclum,
1470 2448 1648 2485 postquam
1665 2442 1793 2484 inclyta

1098 2505 1191 2527 arma
1208 2495 1347 2535 ademit,
1365 2494 1551 2534 Trahebat,
1568 2498 1605 2523 ut
1621 2492 1662 2523 ab
1678 2492 1793 2523 hume-

1099 2545 1144 2576 ris
1159 2549 1263 2585 caput
1278 2543 1492 2575 abscinderet
1515 2548 1615 2574 acuto
1638 2551 1720 2581 mre,
1747 2543 1793 2574 Et

1099 2595 1246 2626 cadaver
1259 2593 1412 2635 Trojanis
1429 2593 1565 2624 trahens
1580 2591 1721 2623 canibus
1734 2591 1793 2623 da-

1101 2648 1173 2676 ret:

1144 2699 1157 2715 Β
1183 2694 1304 2725 Relicto
1326 2691 1379 2722 ubi
1404 2691 1612 2732 pugnat-erut]
1648 2689 1793 2724 Relicto,

1102 2745 1176 2776 loco
1191 2744 1334 2775 scilicet.
1380 2742 1521 2772 Homer.
1544 2740 1587 2771 ΙΙ.
1611 2743 1643 2771 P.
1673 2740 1747 2770 Αἴας
1769 2740 1793 2770 δ’

1104 2793 1233 2834 ἐγγύθεν
1249 2792 1322 2831 ἦλθε
1339 2791 1438 2831 φέρων
1453 2788 1548 2821 σάκος
1569 2788 1643 2826 ἠΰτε
1665 2788 1794 2829 πύργον·
