1915 3231
558 295 621 325 DE
658 294 814 325 Brinno
846 293 1074 324 TstoJANo
1110 293 1202 323 12113.
1238 295 1301 325 iv.
1546 285 1632 327 235

187 388 423 431 concilium
448 387 670 437 Priamus,
692 389 768 430 ubi
798 387 935 429 multa
961 387 1017 427 ab
1039 387 1182 429 AEnea
1213 389 1538 430 contumeliosa
1566 390 1632 430 in-

184 461 309 508 gesta
329 460 443 505 sunt,
466 454 522 495 ad
552 460 821 508 postremum
851 453 939 494 ex⁶
969 454 1150 495 concilii
1182 454 1399 495 sententia
1418 455 1546 509 jubet
1574 457 1631 497 ad

183 522 370 563 Graecos
391 535 492 563 cum
512 522 731 562 mandatis
752 521 858 562 belli
878 520 1120 574 deponendi
1148 522 1210 561 ire
1231 521 1496 562 Antenorem
1513 534 1524 562 ε
1555 522 1632 574 qui

182 594 288 642 pro⁷
317 589 455 629 muris
476 589 640 639 signum
664 587 902 628 ostendens
920 587 1184 639 legationis,²
1215 587 1291 628 ubi
1321 601 1349 629 a
1378 588 1542 628 nostris
1563 601 1630 628 re-

181 667 357 696 cessum
379 659 461 706 est,
483 654 538 695 ad
560 666 695 695 naves
714 654 847 694 venit.
906 653 997 694 Ubi
1026 654 1213 706 benigne
1234 653 1473 702 salutatus,
1496 658 1630 706 atque

180 726 411 775 exceptus,
439 733 656 762 summum
686 719 791 761 fidei
821 720 1229 774 benevolentiaeque
1257 733 1357 773 erga
1386 719 1636 761 Graeciamf

180 788 486 829 testimonium
517 788 667 841 capit:
708 787 994 841 maximeque
1025 800 1051 828 a
1084 787 1291 837 Nestore,
1321 786 1443 841 quod
1475 786 1630 828 Mene-

179 856 315 905 laum,
347 855 520 897 insidiis
550 854 841 908 Trojanorum
872 855 1132 908 appetitum,
1163 854 1348 895 consilio
1379 867 1462 894 suo
1492 859 1630 908 atque

180 924 349 965 auxilio
369 923 555 964 filiorum
570 927 586 951 g
607 921 876 962 servaverit:
901 934 981 975 pro
1004 922 1121 975 quis,
1139 934 1295 963 eversa
1309 921 1325 946 ⁸
1346 921 1498 975 Troja,
1517 921 1630 962 mul-

180 995 226 1031 ta
245 990 461 1043 praeclara
490 989 714 1043 polliceri:
745 988 999 1042 hortarique
1019 988 1085 1030 uti
1106 989 1286 1041 dignum
1312 989 1525 1029 memoria
1547 1001 1628 1041 pro

181 1057 338 1097 amicis
358 1057 593 1098 adversum
609 1054 802 1109 perfidos
824 1054 1060 1095 moliretur.
1089 1053 1203 1095 Tum
1222 1054 1394 1107 longam
1414 1053 1629 1095 exorsus¹²

181 1124 442 1173 orationem,
473 1136 665 1176 semper,
696 1122 772 1171 ait,
801 1121 1029 1175 principes
1058 1120 1209 1175 Trojae
1236 1133 1414 1174 poenam
1436 1121 1494 1162 ob
1513 1121 1628 1162 male

180 1191 412 1232 consulta⁹
427 1190 637 1231 divinitus
658 1189 886 1243 consequi.
933 1188 1051 1229 Dein
1072 1188 1296 1242 subjungit
1312 1187 1628 1229 Laomedontis

783 1295 1024 1307 ‘commeo

181 1363 276 1393 aliam
291 1361 430 1393 exhibet
445 1361 760 1402 Delph.portoe.—6
784 1362 890 1392 Deest
904 1371 944 1393 ex
959 1361 992 1392 in
1012 1361 1202 1402 Delph.—⁷
1226 1361 1352 1401 Delph.
1365 1364 1481 1392 ex.—8
1498 1361 1624 1402 Delph.

180 1414 286 1435 eversa
296 1414 355 1444 pro
369 1404 532 1444 quoia—9
548 1404 610 1434 Del
616 1404 671 1445 ph.
686 1404 937 1435 incomitum—l
956 1404 1018 1435 Del
1024 1403 1078 1445 ph.
1093 1404 1244 1443 sanguine
1259 1408 1290 1435 et
1305 1404 1507 1443 injuriis—2
1526 1404 1628 1436 Hunc

834 1509 980 1541 No'rAE

177 1575 239 1606 Τὸν
264 1575 289 1606 δ’
316 1573 354 1605 αὖ
381 1574 532 1614 τέταρτον
560 1573 746 1612 αὐθόμαιμον
770 1572 877 1613 ὄψεται
930 1585 984 1611 νης
998 1573 1100 1613 γάμον
1111 1573 1245 1605 ἔπαθλον
1254 1572 1343 1611 ἔθηκε
1355 1572 1625 1614 τῷἆριστεύσαντι

179 1624 294 1664 Κίρκου
318 1624 577 1664 καταῤῥακτῆρος,
601 1623 636 1654 ὅν
657 1635 693 1654 τε
714 1622 877 1662 συγ-γόνων
929 1623 1009 1655 κατὰ
1031 1623 1089 1661 τὴν
1111 1623 1228 1663 μάχην.
1260 1622 1419 1663 Δηΐφοβος
1434 1622 1467 1654 δὲ
1482 1625 1625 1662 ’γενναῖος

175 1674 222 1706 Τὰ
237 1674 396 1714 &vr-{paca
410 1674 466 1710 τῆς
486 1672 681 1713 δαῖσφάλτου
695 1672 799 1709 πάλης
813 1676 875 1703 Λα.-
928 1672 1155 1712 ἀγωνισάμενος
1167 1671 1282 1711 ἔγημεν
1289 1671 1397 1709 αῦτήν.
1410 1673 1420 1689 ‘
1430 1672 1626 1704 Alexandro

175 1724 278 1762 βάντα
307 1723 496 1764 κηρύξουσιν.
536 1725 545 1741 ‘
562 1724 730 1756 Quartum
761 1728 873 1754 autem
927 1722 1109 1755 interfecto
1126 1732 1145 1753 a
1162 1723 1371 1761 Philocteta,
1388 1723 1541 1754 Priamus
1557 1723 1627 1754 He-

178 1773 369 1816 (maritum)
407 1773 547 1805 fratrem
578 1773 707 1805 videbit
731 1772 872 1814 Accipi-
926 1774 1012 1805 lenae
1030 1773 1165 1814 nuptias
1181 1773 1356 1814 praemium
1373 1772 1486 1812 posuit
1505 1773 1551 1812 ei,
1566 1773 1625 1814 qui

176 1825 238 1855 tris
255 1825 385 1864 rapacis
402 1822 575 1864 (Paridis)
590 1833 688 1864 quem
706 1824 797 1855 inter
809 1824 874 1856 fra·

176 1880 245 1906 tres
273 1873 430 1905 Secunda
456 1875 594 1914 praemia
620 1873 714 1914 (post
742 1873 873 1905 Hecto-

175 1923 265 1965 rem)
280 1923 420 1955 lubricae
438 1923 540 1954 luctae
554 1923 728 1964 Adeptum
746 1933 874 1964 praeco-

174 1984 236 2005 nes
259 1974 406 2006 canent?
449 1974 514 2005 Ubi
539 1974 696 2014 Tzetzes‚
720 1979 796 2015 post
816 1985 872 2007 oc-

174 2025 295 2065 cisum,
318 2024 440 2066 inquit,
465 2024 695 2056 Alexandrum
720 2026 873 2066 Deipho-

174 2075 235 2106 bus
267 2075 433 2107 Helenam
464 2085 604 2107 uxorem
630 2075 741 2107 duxit.
793 2077 872 2113 Vel,

174 2135 250 2158 cum
263 2135 336 2157 eam
349 2126 503 2157 Priamus
516 2126 688 2166 praeminm
703 2127 873 2167 posuisset

173 2178 220 2218 ei,
242 2178 299 2219 qui
317 2187 352 2208 se
370 2178 402 2208 iu
419 2177 508 2209 bello
524 2177 743 2210 fortissimum
759 2184 872 2210 osten-

173 2227 284 2263 deret,
312 2228 385 2267 ipse
412 2237 453 2258 eo
477 2227 611 2258 nomine
627 2236 700 2259 eam
717 2228 871 2259 abduxit.

171 2277 250 2316 Vel,
266 2281 302 2308 ut
313 2277 368 2308 alii
382 2276 501 2308 dicunt
513 2277 580 2317 (sic
592 2277 677 2308 enim
691 2278 768 2318 lego
780 2277 870 2318 apud

171 2327 348 2367 Tzetzem,
358 2326 379 2365 ἢ
391 2325 527 2368 καθάπερ
541 2325 634 2358 ἄλλοι
647 2326 724 2367 φασὶ
732 2325 786 2369 βίῃ
797 2328 870 2367 ἀφε-

173 2376 317 2417 λόμενος,
331 2377 426 2408 locus
444 2381 497 2408 est
518 2386 552 2417 p.
568 2375 641 2418 34.)
657 2377 730 2417 ipse
747 2386 821 2408 eam
839 2376 871 2408 vi

171 2427 264 2468 cepit
279 2437 289 2465 ;
314 2433 351 2458 ut
365 2432 401 2458 et
415 2427 598 2467 Euripides
615 2427 647 2458 in
663 2427 870 2459 Troadibus.

171 2476 227 2519 Βίᾳ
250 2478 276 2508 δ’
297 2477 314 2509 ὅ
337 2476 441 2509 καινός
454 2477 485 2516 μ’
504 2474 594 2509 οὗτος
614 2476 754 2518 ἁρπάσας
768 2476 872 2517 πόσις,

172 2527 344 2569 Δηΐφοβος,
353 2527 474 2568 ἄλοχον
482 2526 569 2567 εἶχεν
583 2526 722 2558 ἀκόντων
735 2528 871 2567 Φρυγῶν.

168 2581 179 2598 ‘
197 2580 267 2612 Per
294 2580 360 2611 vim
385 2585 499 2611 autem
525 2589 579 2610 me
605 2588 712 2610 novus
737 2579 794 2609 ille
818 2588 872 2609 ra·

171 2631 269 2672 piens
279 2631 432 2670 maritus,
444 2629 656 2671 Deiphobus,
666 2639 804 2660 uxorem
814 2628 872 2659 ha-

170 2681 257 2717 buit,
272 2681 387 2711 invitis
405 2679 624 2721 Phrygibus!
668 2679 781 2710 Priori
795 2688 869 2710 sen·

173 2729 290 2761 tentiae
311 2730 442 2761 Tzetzis
465 2729 640 2760 consentit
665 2728 870 2759 scholiastes

172 2779 326 2817 Homeri,
342 2779 441 2810 Iliad.
457 2780 520 2810 ult.
551 2777 754 2819 Ἀλεξάνδρου
766 2780 870 2817 τοξευ·

172 2830 274 2864 θέντος
288 2833 345 2864 ὑπὸ
354 2832 556 2872 Φιλοκτήτου,
566 2831 702 2872 Πρίαμος
713 2830 770 2863 τὸν
780 2829 871 2862 Ἧλέ-

925 1822 1108 1855 fortissime
1124 1827 1320 1864 pugnasset.
1354 1822 1554 1864 Deiphobus
1569 1833 1626 1854 au-

929 1877 996 1904 tem
1012 1882 1087 1903 eam
1103 1872 1263 1913 accepit.'

968 1928 983 1945 e
1004 1924 1139 1964 Signum
1160 1924 1324 1955 ostendens
1344 1923 1526 1964 legationis]
1549 1924 1626 1956 Oli-

927 1984 1001 2006 vam
1019 1975 1163 2007 scilicet.

968 2023 981 2045 f
999 2025 1162 2056 Summum
1166 2024 1249 2066 fidei
1264 2024 1537 2064 benevolentiaeque
1547 2033 1624 2063 erga

928 2075 1101 2116 Groeciam]
1122 2075 1210 2114 Ista,
1235 2075 1262 2106 si
1286 2075 1328 2106 ad
1356 2075 1495 2106 verbum
1519 2075 1624 2106 inter-

927 2125 1087 2166 metetis,
1098 2125 1180 2155 nibil
1194 2124 1283 2156 aliud
1297 2128 1418 2155 sonant
1430 2133 1541 2166 quam,
1554 2124 1624 2155 An-

927 2181 1079 2207 tenorem
1095 2175 1206 2205 multis
1223 2172 1425 2205 testimoniis
1441 2173 1624 2205 certiorem

926 2224 1057 2256 factum
1079 2233 1166 2265 esse,
1191 2223 1332 2255 Graecos
1356 2232 1438 2263 erga
1452 2222 1622 2254 Graeciam

925 2275 1044 2306 fideles
1059 2279 1094 2307 et
1110 2274 1291 2306 benevolos
1307 2281 1517 2314 permanere.
1553 2271 1622 2303 Sed

927 2325 1027 2366 plane
1051 2324 1258 2357 contrarium
1282 2323 1424 2353 innuere
1447 2322 1521 2353 vult
1536 2322 1622 2353 Dic·

926 2379 1001 2416 tys3
1020 2383 1142 2415 nempe
1159 2374 1301 2406 Graecos
1319 2371 1485 2403 Antenori
1507 2372 1623 2404 multis

925 2423 1124 2456 testimoniis
1139 2421 1359 2462 significasse,
1377 2430 1413 2451 se
1429 2420 1531 2452 fidem
1548 2422 1622 2462 ejus

924 2480 1028 2517 atque
1052 2472 1324 2506 benevolentiam
1350 2481 1431 2512 erga
1453 2471 1623 2504 Graeciam

923 2525 1076 2564 laudare,
1110 2532 1222 2565 neque
1259 2531 1295 2553 se
1325 2521 1396 2562 ejus
1430 2521 1597 2561 poenitere
1610 2534 1621 2555 ε

926 2575 1029 2612 Qu’ils
1042 2575 1158 2607 etaient
1172 2576 1312 2605 centenas
1335 2574 1373 2603 de
1396 2573 1426 2603 la
1442 2572 1568 2613 fidente
1588 2576 1620 2604 et

923 2628 961 2658 de
975 2627 1006 2657 la
1021 2626 1238 2657 bienveiltance
1252 2623 1328 2665 qu’il
1342 2623 1426 2654 auoit
1449 2623 1622 2662 temoignbe

922 2689 987 2711 aux
1001 2678 1112 2714 Grec-s,
1125 2678 1179 2716 ⁸50·

965 2733 981 2755 s
1006 2726 1141 2758 Consilio
1155 2734 1209 2756 suo
1223 2726 1314 2764 atque
1326 2722 1446 2754 auxilio
1456 2721 1618 2764 filiorum]

924 2779 1032 2818 Supra
1046 2776 1105 2807 lib.
1122 2784 1147 2806 1.
1162 2783 1227 2805 non
1240 2773 1340 2813 longe
1356 2772 1398 2804 ab
1415 2772 1524 2804 initio.

966 2827 982 2849 ¹¹
1006 2824 1163 2866 Exorsus]
1184 2823 1264 2865 Ipse
1281 2821 1448 2855 Antenor.
