1915 3231
433 611 972 691 DARETIS

1053 615 1622 694 PHRYGII

619 817 722 868 DE
790 819 1102 871 EXCIDIO
1171 823 1424 874 TROJAE

832 1003 1199 1056 HISTORIA.

294 1326 498 1384 PELIAS
529 1345 664 1384 rex¹²
695 1343 912 1384 AEsonem
946 1341 1123 1383 fratrem
1157 1342 1347 1384 habuit.b

1406 1344 1593 1386 AEsonis
1626 1343 1744 1385 filius

291 1413 384 1450 erat
404 1410 434 1451 J
438 1415 578 1459 ειεοη,ε
599 1410 758 1451 virtute
778 1413 997 1462 praestans
1017 1422 1026 1447 :
1058 1413 1105 1450 et
1124 1410 1200 1463 qui
1220 1411 1303 1452 sub
1323 1409 1421 1465 ejus
1448 1424 1579 1464 regno
1601 1415 1744 1461 erant,

292 1488 448 1517 omnes
469 1489 547 1517 eos
568 1476 769 1529 hospites
789 1476 996 1524 habebat,
1027 1483 1072 1517 et
1102 1477 1159 1517 ab
1188 1477 1253 1517 eis
1273 1478 1543 1520 validissime
1563 1480 1746 1520 amaba-

291 1545 373 1582 tur.

433 1543 583 1584 Pelias
601 1556 694 1592 rex,
715 1546 766 1583 ut
781 1542 896 1583 vidit
914 1541 945 1583 J
948 1554 1128 1583 asonem
1149 1548 1381 1598 acceptum
1403 1558 1504 1586 esse
1526 1545 1745 1595 omnibus,

289 1609 453 1652 veritus
481 1614 624 1652 estne
645 1608 758 1651 sibid
795 1609 982 1664 injurias
1015 1609 1200 1661 faceret,
1230 1615 1276 1652 et
1309 1624 1357 1653 se
1386 1625 1523 1665 regno
1553 1612 1744 1666 ejiceret.

889 1726 927 1737 00
931 1726 947 1738 O
951 1725 1131 1739 ”OOMO

331 1804 347 1833 1
373 1803 456 1836 Post
469 1812 528 1835 rex
543 1802 683 1835 exhibet
699 1803 824 1844 Delph.
838 1812 956 1845 voces,
969 1804 1003 1835 in
1018 1804 1217 1846 Peloponeso.

942 1909 1085 1942 NOTAE

327 1988 342 2004 ²
364 1983 436 2014 Rex
463 1983 513 2024 [in
540 1982 744 2023 Peloponeso]
768 1982 902 2013 Falsum
933 1986 988 2014 est

284 2032 491 2073 Peloponesi
507 2041 620 2072 regem
637 2030 742 2063 fuisse
758 2031 901 2063 Peliam.
927 2031 986 2062 Di-

284 2091 364 2114 cere
393 2080 563 2112 debuerat
591 2080 789 2121 Thessaliae,
819 2081 865 2113 ibi
896 2081 986 2113 eninr

282 2129 474 2171 imperabat
483 2129 585 2161 AEson
596 2129 703 2162 Peliae
712 2129 832 2163 frater.
854 2130 986 2163 Ateum

283 2181 400 2213 Pelias
416 2189 522 2220 regno
535 2180 642 2212 exuit.

326 2230 340 2251 b
362 2229 651 2267 AEsonemfiutoem
672 2229 798 2271 habuit]
830 2230 897 2262 Sed
914 2235 987 2263 ute·

281 2281 391 2312 riuum
419 2285 572 2312 tantum:
614 2280 799 2321 Neptunus
826 2281 915 2313 enim
942 2290 986 2312 ex

279 2332 371 2373 Tyro
381 2330 552 2363 Salmonei
562 2330 634 2362 filia
645 2331 792 2362 Neleum
804 2336 840 2363 et
852 2331 986 2363 Peliam

282 2382 445 2422 suscepit,
469 2389 545 2421 quae
566 2380 655 2421 Tyro
681 2381 807 2412 deinde
834 2381 981 2413 Cretheo

282 2435 404 2472 nupta,
418 2431 589 2470 AEsonem‚
605 2430 802 2469 Pheretem‚
815 2437 852 2463 et
874 2430 980 2473 Amy-

280 2486 418 2513 taonem
434 2480 582 2522 peperit.

321 2537 337 2553 ⁰
358 2531 489 2563 AEsom's
503 2530 597 2572 filius
612 2534 678 2562 erat
701 2530 817 2572 Jason]
853 2531 981 2563 AEsonis

280 2585 316 2613 et
332 2581 529 2614 Alcimedes
552 2581 728 2622 Autolyci,
752 2582 836 2623 sive,
861 2587 899 2614 ut
925 2582 983 2614 alii

279 2632 412 2671 volunt,
434 2632 580 2673 Phylaci
605 2631 697 2663 filiae.
742 2631 812 2664 Alii
841 2637 981 2665 matrem

279 2683 416 2716 Jasonis
452 2688 576 2714 vocant
611 2684 872 2724 ‘Polymeden,’
908 2684 981 2715 sive

280 2733 290 2749 ‘
305 2732 528 2774 Polymelen,'
555 2733 627 2765 sive
649 2734 753 2766 etiam
781 2736 790 2752 ‘
806 2733 978 2776 Polyphe-

281 2782 382 2819 men,’
409 2782 573 2825 Autolyci
599 2784 715 2816 filiam.
768 2784 837 2816 Alii
872 2785 978 2816 Rhaeo

281 2832 435 2873 Staphyli
464 2832 580 2873 filiam,
607 2833 663 2866 alii
688 2833 850 2867 ‘Arnen’
881 2835 979 2875 lEoli,

1040 1983 1113 2015 sive
1130 1983 1324 2024 Scarpheri,
1338 1982 1395 2014 alii
1411 1983 1638 2025 Theognitam
1655 1986 1741 2018 Lao-

1039 2032 1107 2064 dici
1122 2032 1251 2071 filiam3
1283 2032 1340 2064 alii
1360 2032 1508 2075 denique
1530 2035 1539 2051 ‘
1554 2033 1742 2076 Amphino-

1038 2083 1140 2115 men.’

1081 2132 1096 2153 ὓ
1124 2133 1250 2165 Veritus
1264 2136 1309 2164 est
1323 2143 1361 2164 ne
1379 2133 1457 2175 sibi]
1495 2133 1738 2175 Apollodorus,

1040 2192 1066 2215 1.
1096 2182 1241 2214 Tzetzes
1271 2182 1305 2213 in
1334 2183 1489 2224 Lycoph.
1532 2184 1739 2217 Scholiastes

1040 2233 1196 2272 Pindari,
1212 2237 1248 2263 et
1263 2232 1319 2263 alii
1334 2232 1504 2273 scribunt,
1519 2234 1651 2266 Peliam
1667 2245 1743 2267 ora-

1040 2283 1118 2314 culo
1143 2282 1309 2314 monitum
1334 2281 1440 2314 fuisse
1466 2287 1505 2315 ut
1529 2289 1669 2316 caveret
1696 2286 1740 2317 ab

1040 2342 1094 2372 eo,
1119 2332 1176 2373 qui
1199 2341 1302 2363 unum
1326 2335 1457 2364 tantum
1483 2333 1637 2365 calceum
1663 2344 1738 2375 ges-

1038 2386 1143 2414 taret.
1187 2381 1288 2415 Quod
1311 2391 1388 2413 cum
1414 2381 1550 2414 minime
1572 2383 1740 2425 intellige-

1036 2435 1103 2471 ret,
1132 2432 1232 2472 paulo
1270 2435 1347 2471 post
1381 2440 1419 2462 re
1455 2431 1531 2472 ipsa
1567 2434 1738 2475 percepit.

1035 2481 1125 2513 Nam
1151 2491 1227 2513 cum
1253 2480 1287 2511 in
1309 2480 1425 2512 littore
1440 2481 1606 2522 Neptuno
1621 2483 1738 2515 immo-

1036 2532 1135 2571 laret,
1159 2540 1233 2562 cum
1255 2531 1455 2572 permultos,
1471 2536 1541 2563 tum
1559 2533 1660 2565 etiam
1676 2534 1736 2567 Ja-

1036 2591 1151 2613 sonem
1180 2590 1221 2612 eo
1244 2581 1438 2621 accersivit,
1457 2581 1516 2623 qui
1537 2582 1607 2613 ruri
1630 2593 1734 2624 agens

1037 2632 1080 2662 ad
1104 2640 1143 2662 ea
1158 2639 1253 2662 sacra
1278 2630 1489 2671 properavit,
1506 2634 1542 2662 et
1555 2631 1732 2664 Anaurum

1036 2682 1107 2713 sive
1136 2681 1304 2721 Enipeum
1327 2690 1461 2712 amnem
1485 2681 1660 2723 trajiciens
1684 2684 1732 2714 al-

1033 2736 1144 2763 terum
1160 2731 1194 2762 in
1210 2729 1318 2762 amnis
1328 2729 1425 2761 alveo
1440 2730 1592 2762 calceum
1607 2732 1734 2765 amisit.

1032 2781 1074 2813 Id
1091 2781 1148 2812 ubi
1167 2779 1283 2812 Pelias
1304 2779 1412 2816 videt,
1429 2781 1601 2813 oraculum
1618 2782 1730 2814 animo

1033 2836 1204 2874 repetens,
1230 2829 1369 2872 propius
1390 2839 1468 2863 eum
1496 2832 1645 2871 accedit,
1676 2843 1730 2866 ro-
