1915 3231
762 389 1037 419 APPEme.
1538 381 1623 421 345

176 508 281 549 puer
315 495 459 536 Iliaca
498 495 732 549 quisquam
765 496 819 536 de
856 500 982 548 gente
1017 495 1204 536 Latinos
1237 495 1287 536 In
1329 502 1500 539 tantum
1542 511 1621 551 spe

176 562 303 602 tollet
322 560 464 604 avos?
520 562 546 602 J
554 575 680 603 uven.
705 565 718 583 ‘
732 562 785 602 In
807 566 1017 616 quantum
1038 561 1150 602 situs
1174 568 1305 616 atque
1324 563 1461 605 fames
1484 569 1530 605 et
1551 565 1624 606 fri-

176 640 282 679 gora
316 627 533 680 poscunt?
593 627 710 668 Plin.
752 638 805 669 x,
838 640 937 680 cap.
970 627 1040 667 36.
1073 629 1086 647 ‘
1101 627 1283 668 Solutus
1321 629 1622 670 columbarum

176 694 355 735 volatus
392 699 463 735 est
493 695 538 734 in
568 694 753 733 multum
782 692 1003 734 velocior?
1062 692 1217 733 Livius
1241 704 1394 734 xxix.
1415 694 1485 736 25.
1518 698 1530 716 ‘
1552 695 1624 736 Ad

175 759 436 801 immensum
456 772 612 812 augere
633 757 827 811 aliquid?
885 758 943 799 Et
975 769 1124 799 XXIV.
1155 759 1225 799 15.
1257 761 1270 780 ‘
1294 759 1495 802 Dextera
1518 774 1624 814 pars

177 831 303 867 terrae
334 827 435 868 labe
466 828 509 867 in
537 825 808 878 aliquantum
828 824 1077 865 altitudinis
1098 824 1243 866 diruta
1262 824 1383 866 erat.’
1443 825 1532 867 Ubi
1553 840 1625 879 ge-

175 893 345 933 nitivus
385 890 681 933 ‘altitudinis'
721 903 810 931 non
848 890 1009 943 regitur
1040 891 1096 931 ab
1127 891 1455 945 ‘aliquantum‚'
1486 893 1565 933 sed
1598 907 1626 934 a

177 971 419 1012 suppresso
458 959 633 1000 nomine
674 958 953 999 substantivo
993 957 1111 1011 quod
1143 962 1212 998 est
1252 956 1475 1013 negotium,
1507 960 1626 1012 quod

177 1025 374 1066 similiter
388 1025 434 1066 in
450 1025 656 1066 omnibus
673 1024 855 1077 reliquis
877 1023 1110 1077 adjectivis
1125 1023 1217 1077 jam
1235 1025 1499 1065 enumeratis
1521 1026 1626 1065 sub-

176 1091 357 1133 auditur.
418 1092 569 1133 Minus
593 1095 736 1133 autem
759 1091 964 1145 syntaxin
980 1091 1111 1131 istam
1134 1090 1359 1132 Mercerus
1379 1091 1625 1137 mirabitur,

177 1158 216 1198 si
235 1158 447 1199 rationem
469 1159 605 1208 ineat,
626 1158 781 1199 eadem
811 1158 899 1199 ista
930 1158 1107 1198 nomina
1138 1158 1182 1198 in
1211 1161 1339 1198 sexto
1368 1170 1476 1199 casu
1505 1159 1624 1199 nullo

177 1226 403 1266 sententiae
425 1224 673 1266 discrimine
689 1224 891 1278 usurpari
906 1224 1069 1265 solere:
1087 1229 1137 1264 ut
1147 1224 1246 1265 Ter.
1264 1224 1429 1265 Heaut.
1452 1227 1464 1245 ‘
1481 1224 1626 1266 Paulo

177 1291 254 1343 qui
275 1294 341 1332 est
361 1291 494 1332 homo
515 1291 784 1333 tolerabilis?
844 1294 856 1314 ‘
879 1291 1012 1332 Pater
1033 1291 1260 1344 aliquanto
1293 1290 1511 1345 iniquior.'
1570 1291 1626 1332 Et

178 1356 354 1398 Phorm.
375 1364 387 1380 ‘
402 1357 496 1411 Ego
519 1358 594 1399 isti
616 1357 753 1398 nihilo
774 1358 904 1399 aliter
924 1371 1020 1398 sum
1043 1370 1095 1399 ac
1109 1357 1201 1398 fui.’
1223 1357 1401 1399 Sallust.
1419 1358 1447 1400 J
1452 1357 1625 1411 ugurth.

176 1426 189 1444 ‘
212 1423 325 1465 Cum
355 1424 494 1466 vineae
528 1424 663 1478 paulo
697 1429 1023 1477 processerant,
1055 1425 1151 1477 igne
1181 1426 1256 1464 aut
1284 1424 1509 1478 lapidibus
1530 1437 1626 1465 cor-

175 1491 519 1544 rumpebantur.'
578 1491 759 1532 Cicero:
792 1493 805 1512 ‘
823 1490 1000 1540 Quanto
1030 1490 1278 1544 superiores
1309 1504 1475 1541 sumus,
1502 1495 1624 1532 tanto

175 1570 257 1598 nos
278 1557 541 1599 submissius
561 1557 787 1610 geramus?
817 1557 964 1599 Idem:
989 1561 1001 1578 ‘
1018 1557 1286 1610 Arrogantia
1306 1557 1467 1611 ingenii
1488 1559 1625 1599 multo

177 1627 244 1665 est
273 1624 616 1666 molestissima?
676 1624 828 1664 Senec.
851 1625 989 1678 Epist.
1010 1625 1082 1666 94.
1117 1627 1130 1645 ‘
1148 1624 1314 1678 Aspice
1338 1628 1506 1678 quanto
1546 1626 1626 1666 ali-

177 1694 240 1731 ter
258 1691 561 1744 unusquisque
582 1691 749 1744 populo
770 1691 908 1741 vivat,
942 1691 1067 1732 aliter
1088 1689 1200 1731 sibi?
1258 1690 1412 1731 Livius
1431 1694 1625 1732 extremo

177 1757 254 1798 lib.
276 1768 349 1797 lx.
373 1761 386 1779 ‘
405 1757 607 1798 Flavium
629 1758 854 1811 aliquanto
877 1762 1010 1798 antea
1030 1756 1198 1797 desisse
1221 1756 1436 1810 scriptum
1451 1756 1624 1797 facere.’

175 1823 335 1865 Justin.
357 1834 554 1864 xxxin.
586 1827 598 1845 ‘
617 1824 705 1864 Sed
735 1828 900 1877 quanto
932 1822 1114 1876 Grypus
1148 1823 1312 1873 abnuit,
1345 1827 1468 1864 tanto
1504 1836 1627 1864 soror

176 1888 458 1930 accenditur!
516 1890 568 1931 In
590 1890 751 1943 quibus
769 1890 973 1930 omnibus
994 1890 1254 1942 praepositio
1275 1903 1300 1929 α
1321 1893 1364 1931 et
1379 1903 1534 1931 nomen
1556 1904 1623 1930 ne-

173 1955 288 2009 gocio
305 1956 578 2006 subauditur,
592 1960 640 1997 ut
661 1955 814 1997 eodem
836 1969 966 1996 sensu
981 1956 1166 2006 dicatur,
1190 1959 1376 2010 ‘quanto
1395 1956 1559 2010 magis’
1583 1962 1628 1998 et

177 2025 411 2076 ‘quantum
429 2022 600 2076 magis}
617 2026 805 2076 ‘quanto
825 2021 1000 2063 melior’
1021 2014 1065 2064 e't
1086 2026 1099 2044 ‘
1111 2028 1323 2076 quantum
1337 2024 1489 2065 melior
1503 2025 1527 2066 ε’
1540 2037 1627 2078 quo

176 2089 426 2141 posteriore
448 2090 603 2131 Livius
622 2090 755 2130 utitur
775 2089 853 2131 lib.
876 2100 953 2130 ιιι.
974 2089 1042 2131 15.
1076 2093 1088 2110 ‘
1111 2089 1337 2140 Quantum
1356 2091 1497 2144 magis
1509 2089 1628 2144 juni-

177 2168 273 2196 ores
294 2161 470 2208 patrum
492 2157 609 2210 plebi
636 2169 682 2197 se
703 2156 1002 2205 insinuabant,
1026 2169 1081 2197 eo
1103 2156 1249 2196 acrius
1270 2161 1425 2197 contra
1444 2157 1628 2198 Tribuni

178 2222 442 2263 tendebant?
502 2223 559 2264 Et
581 2233 721 2264 Χων.
741 2225 784 2265 7.
817 2226 830 2244 ‘
849 2222 1077 2273 Quantum
1098 2223 1271 2275 longius
1291 2223 1556 2276 procederet,
1573 2236 1626 2264 eo

177 2288 385 2341 majorem
416 2302 556 2330 rerum
591 2290 786 2331 omnium
817 2290 1014 2344 inopiam
1045 2289 1268 2331 sentiens?
1326 2289 1478 2343 Atque
1510 2290 1626 2340 hinc,

179 2354 352 2407 opinor,
377 2355 605 2397 Mercerus
626 2357 854 2408 intelliget,
871 2370 1002 2410 quam
1016 2357 1214 2410 imperite
1234 2356 1320 2397 ista
1340 2355 1628 2397 Grammatici

179 2421 416 2462 Adverbiis
437 2426 733 2473 annumerent,
751 2436 850 2476 quae
872 2424 1130 2477 praepositio
1151 2423 1216 2464 eis
1236 2423 1468 2476 praemissa
1487 2425 1629 2464 nomi-

180 2500 239 2528 na
255 2501 355 2529 esse
371 2488 545 2529 clamet.

238 2554 369 2595 Aliud
398 2554 491 2607 ejus
521 2560 819 2608 argumentum
851 2561 918 2599 est
938 2558 1041 2610 quia
1058 2557 1133 2598 lib.
1157 2569 1199 2597 v.
1221 2557 1267 2597 in
1286 2556 1380 2597 suis
1403 2557 1627 2610 exempla-

178 2622 297 2662 ribus
317 2622 480 2674 legerit,
517 2624 529 2643 ‘
543 2622 746 2664 Priamus
767 2637 812 2664 re
835 2625 1006 2677 cognita
1025 2624 1083 2665 ad
1099 2637 1217 2665 aram
1239 2623 1268 2664 J
1273 2623 1370 2664 ovis
1391 2628 1494 2664 ante
1517 2624 1626 2664 aedi-

179 2688 320 2729 ficiale
353 2687 579 2741 confugit?
636 2689 953 2743 Annotatque:
986 2693 1000 2712 ‘
1016 2690 1270 2731 AEdificiale
1312 2702 1391 2742 pro
1432 2689 1624 2731 aedificio

181 2755 277 2795 sive
309 2755 424 2806 regia
457 2755 637 2796 Priami.
696 2756 928 2809 Elegantia
959 2756 1090 2810 hujus
1124 2756 1302 2797 saeculiss
1361 2754 1500 2808 Atqui
1519 2756 1625 2798 nihil

180 2837 362 2865 necesse
383 2830 450 2865 cst
470 2826 530 2866 ita
550 2838 630 2866 nos
649 2826 805 2878 legere,
827 2828 872 2865 ut
889 2825 989 2866 libri
1009 2825 1106 2879 ejus
1127 2825 1351 2873 exhibent,
1374 2823 1454 2864 sed
1474 2824 1626 2876 potius

182 2895 229 2934 ut
248 2891 322 2932 alii
339 2895 457 2932 recte
478 2892 722 2935 habebant:
744 2901 753 2915 ‘
772 2892 827 2933 ad
849 2905 969 2935 aram
989 2892 1017 2934 J
1023 2893 1116 2935 ovis
1138 2891 1383 2933 aedificialis
1403 2889 1627 2943 confugit!
