1915 3231
247 318 331 360 198
716 327 928 359 Dic‘rvos
962 326 1236 358 cRE'rENsis

247 420 467 471 Evander,
489 420 759 463 Priamidae.t
816 422 868 463 In
888 434 943 463 ea
964 434 1113 475 pugna
1134 421 1395 463 Graecorum
1416 419 1599 461 Guneus
1628 420 1696 460 in-

247 488 454 530 terfectus
474 501 552 528 rex
575 488 807 542 Cyphius,³
825 495 842 512 ¹²
872 489 1127 530 vulneratus
1150 489 1283 529 etiam
1316 486 1583 528 Idomeneus
1603 486 1696 526 dux

247 558 404 596 noster.
462 554 668 596 Ceterum
688 555 763 596 ubi
785 555 971 609 Trojani
992 567 1144 595 muros
1166 553 1350 606 ingressi
1371 552 1571 594 clausere
1597 564 1697 605 por-

247 626 332 671 tas,
350 626 395 662 et
413 620 513 661 finis
531 621 717 662 instandi
737 621 883 663 factus
904 627 993 671 est,
1011 621 1150 662 nostri
1164 621 1358 674 spoliata
1373 620 1505 661 armis
1517 619 1700 661 hostilia

248 687 479 736 cadavera,
509 693 832 742 apportataque
861 688 908 728 in
943 687 1121 728 flumine
1150 687 1450 740 praecipitant,
1485 697 1699 726 memores

248 753 403 806 paullo
425 757 524 795 ante
543 753 589 794 in
610 754 819 795 Patroclo
840 754 1095 795 insolentiae
1115 754 1422 794 barbarorum:
1453 752 1555 793 dein
1591 764 1700 805 cap-

249 820 367 861 tivos
387 832 553 870 omneS,
569 820 630 860 uti
653 826 904 874 quemque4
933 824 1155 874 ceperant,
1176 821 1218 860 in
1240 820 1392 860 ordine
1412 818 1576 860 Achilli
1595 818 1701 859 offe-

248 889 375 927 runt:
406 887 533 939 isque
566 886 668 926 vino
704 888 844 928 multo
876 887 1026 940 sopita
1053 886 1151 939 jam
1187 885 1379 936 favilla,v
1409 885 1623 938 reliquias
1656 885 1701 925 in

251 966 407 994 urnam
427 953 687 1006 collegerat;
718 954 943 994 decretum
964 953 1131 1006 quippe
1163 953 1308 993 animo
1339 953 1516 1005 gerebat
1551 964 1700 993 secum

249 1020 296 1060 in
316 1018 507 1072 patrium
528 1020 676 1059 solum
696 1020 761 1060 uti
781 1019 1030 1068 adveheret,
1063 1018 1134 1059 vel
1156 1019 1194 1058 si
1215 1018 1393 1059 fortuna
1415 1019 1459 1058 in
1478 1031 1526 1058 se
1547 1031 1701 1059 casum

251 1087 455 1133 mutaret,
473 1096 562 1124 una
577 1088 711 1138 atque
726 1084 875 1125 eadem
890 1084 1115 1137 sepultura
1135 1097 1235 1124 cum
1256 1085 1485 1125 carissimo
1504 1085 1589 1126 sibi
1609 1097 1703 1126 om-

251 1152 370 1192 nium
401 1151 590 1204 contegi.
651 1150 809 1204 Itaque
846 1164 940 1200 eos,
977 1151 1054 1204 qui
1079 1150 1220 1192 oblati
1256 1153 1425 1200 erant,W
1456 1150 1616 1192 deduci
1645 1151 1702 1192 ad

859 1269 938 1282 ‘m
941 1268 1099 1281 000000

252 1343 433 1384 legendnm
456 1350 571 1376 monet
594 1347 671 1382 alia,
696 1354 744 1377 sc.
769 1346 931 1385 parti.—3
958 1345 1057 1376 Hanc
1082 1344 1261 1376 lectionem
1289 1343 1441 1375 restituit
1469 1343 1619 1374 Mercer.
1663 1342 1705 1373 In

253 1385 336 1417 Mss.
355 1389 476 1429 Cyneus
490 1398 548 1419 rex
563 1388 716 1429 scyphus.
754 1389 819 1418 Vul
825 1398 856 1429 g.
876 1389 1003 1419 Ccem'us
1017 1398 1075 1419 rex
1091 1388 1306 1428 Scytlzioe.--l
1325 1387 1387 1418 Del
1393 1386 1448 1427 ph.
1462 1396 1563 1427 quem,
1577 1391 1612 1417 et
1627 1395 1705 1416 mox

913 1503 1052 1536 NOTAE

257 1565 312 1596 De
340 1565 473 1598 Achille
499 1567 561 1598 hoc
586 1573 702 1599 narrat
728 1568 828 1600 Hom.
851 1569 892 1599 Il.
917 1574 952 1599 Φ.

256 1615 355 1647 Ζωοὺς
380 1616 415 1647 ἐκ
439 1619 591 1655 ποταμοῖο
606 1619 741 1649 δυώδεκα
754 1617 867 1658 λέξατο
882 1618 952 1650 κού·

255 1677 336 1705 ρους,
350 1666 466 1703 Ποινὴν
480 1666 672 1706 Πατρόκλοιο
683 1668 886 1700 Μενοιτιάδαο
900 1671 952 1699 θα-

254 1713 371 1746 νόντος.
405 1720 412 1732 ¹
429 1715 531 1746 Vivos
547 1725 565 1746 e
581 1714 684 1747 fluvio
699 1717 879 1748 duodecim
895 1717 954 1748 de-

255 1764 341 1804 legit
359 1765 517 1805 juvenes,
540 1764 684 1796 Inferias
701 1765 862 1798 Patroclo
879 1767 954 1797 Me-

257 1814 414 1844 noetiadae
432 1815 590 1845 mortuo.'

300 1864 391 1894 tlsns
406 1867 435 1895 et
454 1865 612 1904 Evander,
630 1863 820 1904 Priamidoe]
845 1864 956 1894 Evan-

257 1913 355 1944 drum
372 1913 461 1944 inter
477 1914 604 1944 Priami
625 1913 711 1945 filios
738 1915 833 1954 ponit
852 1914 955 1953 Apol-

257 1962 326 1993 lod.
344 1971 401 1993 111.
446 1962 528 2002 Ejus
549 1972 615 1993 non
641 1964 794 1994 meminit
812 1963 954 1994 Homer.

256 2011 324 2043 Sed
341 2011 430 2052 quod
453 2012 508 2042 hic
524 2012 572 2043 ait
597 2012 730 2052 Dictys,
745 2012 837 2043 Isum
861 2017 896 2043 et
913 2013 955 2042 E-

258 2061 423 2092 vandrum
441 2066 570 2102 captos,
594 2066 676 2101 puto
697 2062 878 2101 deceptum
904 2060 954 2091 fu-

256 2110 322 2142 isse
339 2111 412 2141 loco
427 2111 490 2141 isto
509 2110 610 2143 Hom.
627 2111 668 2141 11.
684 2114 720 2140 A.
735 2110 793 2141 ubi
807 2109 850 2141 de
866 2110 956 2150 Aga-

260 2170 439 2191 memnone
455 2171 462 2191 :
486 2160 590 2200 Αὐτὰρ
613 2160 630 2190 ὁ
652 2161 694 2197 βῆ
709 2160 734 2199 ῥ’
754 2158 843 2190 Ἶσόν
856 2171 891 2190 τε
907 2159 956 2190 καὶ

255 2210 406 2249 Ἄντιφον
431 2209 617 2250 ἐξεναρίξων,
638 2208 692 2240 ‘rie
716 2208 773 2240 δύω
799 2208 957 2249 Πριάμοιο,

261 2259 351 2291 νόθον
365 2259 415 2290 καὶ
437 2260 580 2298 γνήσιον,
605 2258 695 2297 ἄμφω
718 2258 771 2289 Εἷν
793 2258 835 2289 ἑνὶ
863 2258 956 2299 δίφρῳ

261 2309 379 2340 ἐόντας·
393 2309 410 2339 ὁ
420 2307 477 2347 μὲν
487 2307 573 2339 νόθος
584 2306 908 2348 ἡνιόχευεν,”Αντιφος
920 2306 957 2338 αὖ

262 2359 444 2399 παρέβασκε
465 2358 659 2398 περικλυτός·
673 2359 695 2389 ὥ
709 2359 778 2389 ποτ’
794 2358 960 2399 Ἀχιλλεὺς

271 2412 339 2447 Ῐδης
360 2410 393 2440 ἐν
414 2410 555 2447 κνημοῖσι
577 2408 644 2446 δίδη
658 2408 807 2447 μόσχοισι
823 2415 961 2449 λυγοισι,

261 2459 457 2497 Ποιμαίνοντ’
474 2459 520 2489 ἐπ’
544 2457 632 2489 ὄεσσι
648 2459 768 2499 λαβὼν,
783 2458 834 2490 καὶ
850 2458 963 2490 ἔλυσεν

262 2508 409 2539 ἀποίνων.
423 2509 431 2524 ‘
445 2509 606 2540 Ceterum
619 2507 673 2539 hic
691 2509 854 2548 perrexit,
868 2508 962 2539 Isum

265 2564 300 2588 et
326 2558 512 2598 Antipnum
542 2558 715 2589 occisurus
747 2559 851 2589 Filios
878 2558 961 2590 dnos

263 2608 404 2642 Priami,
430 2607 567 2638 nothum
584 2613 619 2638 et
636 2607 836 2647 legitimum,
849 2608 964 2638 ambos

263 2658 306 2688 In
323 2666 389 2687 uno
405 2666 507 2688 curru
524 2656 730 2688 existentes:
754 2657 877 2687 nothus
894 2656 965 2697 qui-

267 2707 344 2737 dem
380 2705 611 2746 mitigabatur,
645 2705 817 2746 Antiphus
849 2711 963 2738 autem

267 2756 441 2796 pugnabat
453 2756 598 2796 inclytus
610 2766 616 2786 :
629 2766 712 2797 quos
725 2757 802 2787 olim
815 2756 964 2788 Achilles

269 2805 338 2834 ldae
354 2804 485 2844 injugis
503 2805 618 2845 ligavit
632 2806 758 2836 teneris
770 2806 962 2846 viminibus,

270 2854 457 2885 Pascentes
485 2854 573 2895 apud
591 2864 670 2886 oves
690 2855 964 2897 deprehendens,

1005 1573 1041 1600 et
1069 1567 1196 1599 dimisit
1220 1576 1280 1607 pro
1304 1564 1539 1596 redemtione?
1595 1564 1660 1595 Vel
1679 1563 1707 1594 si

1006 1619 1114 1650 minus
1131 1619 1294 1658 deceptus
1311 1616 1375 1648 fuit
1395 1617 1529 1656 Dictyffi
1551 1621 1648 1647 certe
1662 1616 1710 1646 lo-

1006 1678 1081 1700 cum
1098 1668 1192 1699 illum
1210 1668 1318 1708 ipsum
1335 1667 1425 1697 ultro
1446 1666 1644 1697 immutavit.

1060 1723 1073 1738 υ
1099 1719 1227 1749 Guneus
1251 1716 1434 1755 interfectus
1463 1727 1522 1748 rex
1553 1715 1708 1757 Cyphius]

1008 1767 1150 1799 Homer.
1175 1766 1300 1798 Γυνεεὺς
1315 1767 1340 1797 δ’
1356 1766 1391 1797 ἐκ
1406 1765 1524 1806 Κύφου.
1547 1766 1557 1783 ‘
1569 1766 1709 1797 Guneus

1009 1827 1051 1848 ex
1067 1817 1210 1858 Cypho.’
1246 1817 1313 1850 Qui
1330 1826 1405 1848 eum
1420 1814 1641 1847 interfectum
1658 1814 1709 1846 fu-

1009 1866 1075 1897 isse
1091 1876 1157 1897 non
1174 1866 1270 1897 dicit.

1053 1920 1066 1934 V
1094 1915 1173 1945 Vino
1188 1915 1289 1954 sopita
1306 1913 1513 1954 jamsavilln]
1537 1913 1589 1944 Ex
1606 1912 1709 1943 Hom.

1010 1964 1053 1995 Il.
1065 1968 1104 1995 Ψ.
1120 1963 1247 2005 Πρῶτον
1258 1963 1316 2002 μὲν
1330 1963 1411 1994 κατὰ
1426 1962 1578 2003 πυρκαϊὴν
1591 1961 1711 1998 σβέσαν

1011 2013 1110 2044 αἴθοπι
1122 2012 1335 2052 οἵνῳ,”οσσον
1347 2011 1397 2043 ἐπὶ
1409 2011 1490 2051 φλὸξ
1502 2011 1589 2050 ἦλθε,
1601 2013 1712 2047 βαθεῖα

1010 2062 1044 2093 δὲ
1058 2062 1199 2093 κάππεσε
1211 2061 1323 2102 τέφρη·
1348 2061 1520 2092 Κλαίοντες
1541 2061 1567 2091 δ’
1591 2060 1711 2101 ἑτάροιο

1011 2112 1114 2150 ἐνηέος
1128 2111 1223 2143 ὀστέα
1237 2112 1333 2143 λευκὰ
1350 2111 1513 2151 ’Άλλε-γον
1532 2113 1563 2143 ἐς
1574 2111 1712 2153 χρυσέην

1010 2162 1141 2202 φιάλην,
1163 2162 1214 2193 καὶ
1236 2161 1373 2193 δίπλακα
1397 2161 1504 2201 δημόν.
1533 2163 1542 2179 ‘
1558 2162 1711 2193 Primum

1011 2212 1147 2254 quidem
1159 2221 1276 2252 rogum
1285 2212 1506 2243 extinxerunt
1513 2211 1611 2252 nigro
1621 2212 1711 2251 vino,

1011 2262 1183 2294 Quantum
1200 2261 1335 2293 flamma
1350 2262 1556 2302 penetravit,
1571 2261 1712 2302 profun-

1011 2312 1073 2344 dus
1090 2317 1202 2343 autem
1225 2312 1354 2343 decidit
1368 2311 1473 2342 cinis:
1501 2312 1639 2343 Flentes
1655 2322 1714 2342 au·

1011 2367 1080 2394 tem
1095 2362 1177 2393 socii
1195 2362 1241 2402 pii
1258 2371 1332 2392 ossa
1347 2361 1425 2392 alba
1442 2361 1663 2402 Collegerunt
1679 2363 1711 2392 in

1012 2420 1148 2442 auream
1166 2411 1310 2451 phialam
1325 2415 1360 2441 et
1374 2410 1543 2449 duplicem
1556 2410 1715 2451 adipem.'

1012 2460 1098 2491 Inde
1120 2460 1219 2499 Virg.
1238 2467 1288 2490 vr.
1314 2459 1386 2489 AEn.
1410 2459 1618 2499 ‘Postquam
1646 2460 1715 2491 col-

1012 2509 1098 2549 lapsi
1116 2509 1247 2539 cineres
1263 2513 1299 2539 et
1315 2506 1451 2538 flamma
1465 2507 1605 2547 quievit,
1624 2508 1714 2539 Reli-

1015 2560 1111 2600 quias
1137 2559 1213 2589 vino
1241 2562 1276 2589 et
1302 2557 1449 2588 bibulam
1476 2557 1589 2588 lavere
1615 2556 1714 2588 favil-

1015 2608 1106 2638 lam.'

1060 2662 1080 2677 w
1097 2657 1206 2696 Itaque
1221 2665 1271 2686 eos
1286 2655 1338 2695 qui
1352 2653 1447 2684 oblati
1458 2653 1562 2694 erant]
1578 2653 1630 2685 Ab
1643 2654 1715 2686 Ho-

1017 2716 1111 2738 mero
1127 2705 1307 2744 dissentit;
1323 2704 1379 2745 qui
1396 2703 1518 2735 scribit
1534 2703 1714 2736 duodecim

1016 2758 1092 2789 illos
1116 2756 1274 2797 juvenes,
1300 2753 1342 2784 ab
1370 2752 1503 2784 Achille
1527 2753 1717 2794 jugulam,

1018 2806 1135 2838 eadem
1153 2814 1235 2847 pyra
1251 2813 1327 2836 cum
1344 2802 1507 2834 Patroclo
1521 2802 1715 2835 combustos

1017 2856 1135 2888 fuisse.
