1915 3231
330 354 416 396 316
828 366 1039 397 nAnssris
1076 367 1282 398 PHRYcrr

330 463 478 509 staret,
500 459 772 501 exeundum⁸
805 460 861 501 ad
893 461 1072 514 Trojam
1104 462 1216 502 clam
1249 465 1380 502 noctu
1415 474 1470 502 an
1492 460 1679 502 interdiu
1708 460 1774 501 fo-

329 530 456 576 ret,9v
478 526 743 568 Palamedes
764 528 923 568 suadet
948 533 990 569 et
1017 529 1226 569 rationem
1248 529 1383 578 addit,
1401 529 1501 569 luce
1524 529 1580 568 ad
1599 527 1776 581 Trojam

330 593 637 634 excensionem
678 594 771 635 fieri
809 598 1027 648 oportere,
1064 600 1108 636 et
1142 609 1316 636 manum
1351 595 1546 636 hostium
1580 594 1778 635 deduci.w

331 659 488 713 Itaque
511 673 661 701 omnes
689 662 730 702 ei
753 662 1016 703 assentiunt:
1047 663 1252 704 consulto
1274 661 1646 715 Agamemnonem
1667 673 1777 713 prae-

330 724 498 768 ficiunt.
547 727 738 780 Legatos
758 729 813 769 ad
833 728 1041 782 Mysiam,
1055 733 1314 782 ceterosque
1335 729 1491 777 10605,ι
1515 727 1706 777 mittunt,
1730 729 1779 766 ut

330 793 544 833 exercitui
573 799 846 835 commeatus
876 795 1206 847 supportandos
1238 799 1408 843 curent,
1437 794 1655 834 Thesidas
1689 793 1778 833 De-

329 859 659 912 mophoontem,
682 859 1002 910 Athamantem,
1022 867 1066 902 et
1087 862 1281 902 Αῑιίυηι.Χ
1344 861 1513 901 Deinde
1533 860 1778 901 exercitum

332 924 387 965 ad
409 926 662 966 concionem
693 931 927 976 convocat,
954 927 1195 976 collaudat,
1217 928 1417 980 imperat,
1438 927 1658 968 hortatur:
1687 939 1779 966 mo-

332 997 406 1032 net
423 992 662 1044 diligenter,
680 996 729 1032 ut
747 992 868 1034 dicto
884 994 1138 1034 obedientes
1159 1000 1318 1034 essent.
1366 994 1498 1044 Signo
1518 994 1622 1034 dato
1642 1006 1780 1034 naves

333 1058 525 1107 solvunt,
542 1061 637 1099 tota
656 1059 815 1099 classis
837 1059 880 1099 in
902 1059 1134 1100 latitudine
1155 1060 1325 1101 accedit
1345 1060 1401 1100 ad
1418 1060 1614 1114 Trojam,
1634 1060 1782 1100 littora

331 1123 515 1177 'frojani
546 1124 715 1165 fortiter
746 1124 999 1166 defendunt.
1059 1125 1338 1167 Protesilaus
1369 1127 1413 1166 in
1442 1132 1598 1166 terram
1619 1138 1781 1166 excen-

332 1190 501 1230 sionem
533 1189 655 1239 facit,
687 1191 824 1244 fugat,
857 1191 1003 1233 caedit.
1065 1191 1150 1232 Cui
1185 1191 1354 1232 Hector
1385 1192 1562 1233 obviam
1583 1193 1717 1244 venit,
1738 1197 1785 1232 et

331 1268 430 1295 eum
451 1255 701 1306 interfecit‚³‘
733 1261 903 1298 ceteros
938 1258 1238 1311 perturbavit:
1268 1257 1383 1299 unde
1417 1259 1586 1300 Hector
1612 1258 1784 1300 recede-

331 1323 422 1371 bat,
463 1322 525 1362 ibi
563 1322 746 1376 Trojani
791 1323 1065 1376 fugabantur.
1147 1325 1391 1378 Postquam
1432 1339 1592 1378 magna
1633 1325 1784 1366 caedes

332 1390 552 1442 utrimque
572 1389 693 1431 facta
713 1396 796 1441 est,
813 1391 995 1433 advenit
1013 1392 1234 1434 Achilles:
1257 1392 1296 1432 is
1317 1395 1457 1432 totum
1477 1393 1716 1434 exercitum
1739 1393 1784 1433 in

330 1456 478 1508 fugam
496 1458 727 1506 convertit,
742 1458 994 1512 redegitque
1011 1460 1057 1499 in
1078 1459 1277 1513 Trojam.
1332 1459 1441 1500 Nox
1460 1459 1663 1512 praelium
1681 1459 1786 1500 diri-

334 1523 427 1572 mit,
449 1523 755 1576 Agamemnon
784 1526 1028 1566 exercitum
1056 1526 1101 1566 in
1129 1529 1285 1566 terram
1307 1525 1471 1575 educit,
1493 1531 1641 1566 castra
1660 1525 1786 1566 facit.

335 1589 517 1630 Postera
547 1591 615 1631 die
646 1591 815 1632 Hector
843 1592 1085 1633 exercitum
1112 1605 1168 1633 ex
1193 1593 1301 1632 urbe
1324 1592 1485 1641 educit,
1520 1598 1566 1633 et
1595 1592 1788 1633 instruit.

335 1655 635 1708 Agamemnon
676 1663 824 1700 contra
870 1660 1062 1700 clamore
1102 1665 1287 1712 magno²
1329 1660 1538 1701 occurrit:
1586 1659 1783 1713 praelium

952 1775 1192 1789 eeeeeeeeeee

374 1863 393 1890 8
420 1860 566 1892 Exeundi
581 1861 644 1892 Del
650 1861 772 1902 [ῆι-9
798 1861 902 1893 Fieret
921 1862 1112 1902 Delph.—l
1141 1861 1318 1901 Cererisque
1334 1862 1408 1892 {ocis
1422 1861 1547 1902 Delph.

999 1987 1143 2020 NOTAE

1129 2066 1141 2087 y
1169 2061 1210 2091 Et
1226 2070 1293 2091 eum
1308 2059 1480 2100 interfecit]
1500 2059 1726 2091 Protesilaum
1745 2060 1786 2091 ab

1088 2111 1193 2142 AEnea
1209 2109 1426 2141 interfectum
1442 2109 1524 2141 dicit
1541 2110 1664 2151 Dictys
1679 2120 1689 2149 ;
1711 2120 1788 2141 eum

377 2065 390 2079 ‘⁹'
415 2060 599 2091 Exeundum
626 2060 788 2101 [exeundi]
831 2062 871 2092 ad
907 2060 1032 2099 Trojam

335 2111 415 2140 clam
435 2112 525 2140 noctu
540 2119 580 2140 αη
595 2111 719 2141 nterdiu
735 2110 850 2151 fieret]
886 2111 940 2141 Ita
965 2110 1031 2140 dis-

338 2159 543 2200 tinguendus
567 2159 621 2190 bic
644 2160 758 2191 locus:
782 2162 791 2178 ‘
805 2160 927 2191 deinde
957 2169 1033 2190 cum

337 2209 474 2249 Argivis
486 2218 551 2240 non
561 2214 734 2240 constaret
744 2209 888 2240 exeundi
901 2209 942 2240 ad
952 2210 1034 2240 Tro-

330 2259 402 2299 jam
413 2259 497 2289 clam
512 2263 617 2290 noctu
629 2270 670 2290 au
682 2259 830 2290 interdiu
845 2259 964 2291 fieret)
987 2261 1036 2291 Ut

337 2309 609 2348 subintelligatur
630 2309 847 2346 ‘consilium’
874 2319 948 2341 cum
973 2309 1034 2341 Ar-

338 2359 424 2399 givis
437 2369 502 2390 non
515 2364 689 2390 constaret
701 2360 876 2392 consilium
889 2361 1036 2392 exeundi

338 2408 380 2439 ad
392 2409 540 2449 Trojam,
554 2414 700 2440 noctune
713 2408 746 2439 id
764 2418 805 2440 au
822 2410 968 2441 interdiu
979 2410 1037 2441 fie-

338 2462 402 2493 ret,
415 2460 480 2489 &c.
527 2458 620 2489 Nilril
638 2458 728 2489 aliud
746 2468 894 2499 possum.

381 2513 401 2527 W
426 2509 471 2539 Et
486 2517 609 2540 manum
624 2509 758 2540 hostium
771 2510 893 2550 deduci]
929 2510 1036 2550 Dicit,

339 2558 471 2599 opinor,
486 2558 598 2589 hostes
614 2559 813 2590 dividendos
831 2565 863 2590 et
877 2570 1035 2601 separau-

341 2609 400 2638 dos
417 2616 504 2638 esse.
550 2607 754 2646 Qu'ilsalloz‘t
769 2610 835 2640 leur
847 2610 938 2646 faire
949 2611 1037 2649 faire

337 2657 495 2688 diver-sion
510 2667 521 2694 ;
537 2656 639 2688 immo
656 2659 768 2697 potius
777 2660 891 2691 hostes
900 2661 1036 2692 elicien—

339 2707 400 2737 dos
416 2717 503 2739 esse.
550 2707 636 2743 Qu’il
650 2708 759 2746 fulloit
781 2710 823 2741 les
843 2710 954 2741 attii-er
970 2721 1039 2743 vers

339 2757 381 2786 les
395 2757 569 2788 vaisseaux.

381 2811 395 2826 Χ
420 2807 553 2846 Anium]
577 2808 631 2838 De
655 2807 742 2839 Anio
759 2809 835 2841 vide
851 2821 926 2852 quae
945 2812 1037 2844 dicta

341 2862 418 2888 suut
435 2857 475 2888 ad
491 2858 633 2898 Dictyn,
649 2863 801 2891 extremo
819 2860 877 2892 lib.
896 2870 918 2891 ι.

1089 2161 1179 2192 vide.

1131 2218 1144 2232 ²
1167 2212 1376 2249 Agamemnon
1393 2213 1496 2240 contra
1515 2210 1646 2240 clamore
1660 2209 1790 2248 magno]

1091 2261 1234 2301 Ineptus
1250 2261 1397 2301 scriptor
1414 2259 1456 2290 de
1473 2259 1606 2290 Graecis
1622 2259 1677 2290 hic
1694 2259 1790 2300 dicit,

1090 2311 1179 2352 quod
1201 2311 1370 2342 Homerus
1391 2310 1434 2340 de
1457 2309 1628 2349 Trojanis.
1671 2309 1790 2349 Troja-

1091 2372 1150 2392 nos
1167 2363 1256 2392 enim
1273 2361 1443 2392 Homerus
1459 2369 1535 2390 cnm
1548 2359 1661 2389 sonitu
1671 2364 1707 2390 et
1720 2359 1789 2390 cla-

1091 2422 1183 2443 more
1213 2412 1256 2443 ad
1294 2420 1441 2452 pugnam
1472 2409 1556 2440 dicit
1590 2409 1789 2449 procedere.

1089 2464 1186 2502 Τρῶες
1213 2461 1270 2500 μὲν
1298 2461 1429 2500 κλαγγῇ
1456 2459 1484 2489 τ’
1516 2459 1610 2500 ἐνοπῇ
1638 2459 1666 2489 τ’
1704 2458 1790 2497 ἴσαν,

1091 2513 1203 2553 ὄρνιθες
1221 2513 1271 2543 ὥς.
1309 2514 1318 2529 ⁴
1332 2510 1434 2542 Troes
1452 2509 1587 2550 quidem
1604 2519 1680 2540 cum
1697 2510 1789 2540 clau-

1091 2573 1173 2602 gore
1203 2567 1238 2593 et
1275 2562 1424 2592 clamore
1453 2558 1670 2598 incedebant,
1699 2560 1789 2590 sicut

1092 2611 1192 2643 aves.'
1227 2611 1367 2643 Graecos
1384 2618 1462 2639 vero
1479 2618 1554 2639 cum
1570 2608 1717 2639 silentio.
1750 2609 1790 2638 Οἱ

1091 2662 1116 2693 δ’
1131 2661 1174 2702 ἄρ’
1189 2661 1261 2692 ἴσαν
1276 2661 1356 2701 σι’γῇ
1369 2657 1463 2698 μένεα
1481 2657 1635 2689 πνείοντες
1655 2657 1789 2697 Ἀχαιοί.

1093 2714 1169 2744 ‘Illi
1195 2722 1273 2743 vero
1300 2712 1395 2742 ibant
1419 2719 1493 2740 cum
1521 2709 1654 2739 silentio
1684 2709 1789 2740 robur

1090 2764 1260 2804 spirantes
1283 2759 1428 2792 Achivi)
1474 2760 1517 2790 Et
1536 2758 1704 2790 Asiaticos
1719 2768 1788 2789 om-

1091 2821 1150 2843 nes
1172 2812 1205 2842 in
1229 2811 1346 2853 pugnis
1363 2809 1507 2841 clamare
1525 2813 1692 2840 testantur
1722 2807 1787 2838 his-

1094 2870 1205 2896 toricr.
